<?xml version="1.0" encoding="UTF-8"?>
<!DOCTYPE html PUBLIC "-//W3C//DTD XHTML 1.0 Transitional//EN"
    "http://www.w3.org/TR/xhtml1/DTD/xhtml1-transitional.dtd">
<html xmlns="http://www.w3.org/1999/xhtml" xml:lang="en" lang="en">
 <head>
  <title>
</title>
<meta http-equiv="Content-Type" content="text/html;charset=utf-8" />
  <meta name='ocr-system' content='tesseract 3.04.00' />
  <meta name='ocr-capabilities' content='ocr_page ocr_carea ocr_par ocr_line ocrx_word'/>
</head>
<body>
  <div class='ocr_page' id='page_1' title='image "./joannislelandia13lelagoog_0302.png"; bbox 0 0 2925 4900; ppageno 0'>
   <div class='ocr_carea' id='block_1_1' title="bbox 181 252 250 348">
    <p class='ocr_par' dir='ltr' id='par_1_1' title="bbox 181 252 250 348">
     <span class='ocr_line' id='line_1_1' title="bbox 181 252 250 348; baseline 0.116 -8"><span class='ocrx_word' id='word_1_1' title='bbox 181 252 250 348; x_wconf 67' lang='lat' dir='ltr'>ut</span> 
     </span>
    </p>
   </div>
   <div class='ocr_carea' id='block_1_2' title="bbox 487 207 1286 330">
    <p class='ocr_par' dir='ltr' id='par_1_2' title="bbox 487 207 1286 330">
     <span class='ocr_line' id='line_1_2' title="bbox 487 207 1286 330; baseline -0.009 -13"><span class='ocrx_word' id='word_1_2' title='bbox 487 207 819 330; x_wconf 65' lang='lat' dir='ltr'>tonuuts</span> <span class='ocrx_word' id='word_1_3' title='bbox 875 241 1201 318; x_wconf 74' lang='lat' dir='ltr'>annuunt</span> <span class='ocrx_word' id='word_1_4' title='bbox 1280 297 1286 310; x_wconf 89' lang='lat'>.</span> 
     </span>
    </p>
   </div>
   <div class='ocr_carea' id='block_1_3' title="bbox 243 351 1399 471">
    <p class='ocr_par' dir='ltr' id='par_1_3' title="bbox 243 351 1399 471">
     <span class='ocr_line' id='line_1_3' title="bbox 243 351 1399 471; baseline -0.004 -20"><span class='ocrx_word' id='word_1_5' title='bbox 243 385 249 394; x_wconf 84' lang='lat'>&#39;</span> <span class='ocrx_word' id='word_1_6' title='bbox 350 407 411 471; x_wconf 86' lang='lat' dir='ltr'>qua</span> <span class='ocrx_word' id='word_1_7' title='bbox 427 351 509 450; x_wconf 82' lang='lat' dir='ltr'>bona</span> <span class='ocrx_word' id='word_1_8' title='bbox 524 400 610 468; x_wconf 89' lang='lat' dir='ltr'>patre</span> <span class='ocrx_word' id='word_1_9' title='bbox 630 399 877 447; x_wconf 85' lang='lat' dir='ltr'>ornamentorum</span> <span class='ocrx_word' id='word_1_10' title='bbox 892 381 1028 467; x_wconf 85' lang='lat' dir='ltr'>spoliata,</span> <span class='ocrx_word' id='word_1_11' title='bbox 1050 365 1180 446; x_wconf 83' lang='lat' dir='ltr'>Romam</span> <span class='ocrx_word' id='word_1_12' title='bbox 1193 380 1223 444; x_wconf 88' lang='lat' dir='ltr'>se</span> <span class='ocrx_word' id='word_1_13' title='bbox 1240 381 1399 464; x_wconf 81' lang='lat' dir='ltr'>contulit,=</span> 
     </span>
    </p>
   </div>
   <div class='ocr_carea' id='block_1_4' title="bbox 351 470 1441 1172">
    <p class='ocr_par' dir='ltr' id='par_1_4' title="bbox 351 470 888 556">
     <span class='ocr_line' id='line_1_4' title="bbox 351 470 888 556; baseline -0.006 -17"><span class='ocrx_word' id='word_1_14' title='bbox 351 496 387 539; x_wconf 87' lang='lat' dir='ltr'>ac</span> <span class='ocrx_word' id='word_1_15' title='bbox 401 476 531 537; x_wconf 91' lang='lat' dir='ltr'>Lucium</span> <span class='ocrx_word' id='word_1_16' title='bbox 546 470 718 556; x_wconf 87' lang='lat' dir='ltr'>episcopum</span> <span class='ocrx_word' id='word_1_17' title='bbox 739 474 888 536; x_wconf 83' lang='lat' dir='ltr'>convenit.</span> 
     </span>
    </p>

    <p class='ocr_par' dir='ltr' id='par_1_5' title="bbox 353 559 1441 1172">
     <span class='ocr_line' id='line_1_5' title="bbox 356 559 1397 646; baseline -0.006 -20"><span class='ocrx_word' id='word_1_18' title='bbox 356 629 361 636; x_wconf 65' lang='grc'><em>,</em></span> <span class='ocrx_word' id='word_1_19' title='bbox 396 559 541 626; x_wconf 86' lang='lat' dir='ltr'><strong>Homines</strong></span> <span class='ocrx_word' id='word_1_20' title='bbox 567 563 647 646; x_wconf 88' lang='lat' dir='ltr'>regis</span> <span class='ocrx_word' id='word_1_21' title='bbox 670 581 742 646; x_wconf 87' lang='lat' dir='ltr'>erga</span> <span class='ocrx_word' id='word_1_22' title='bbox 762 561 819 642; x_wconf 89' lang='lat' dir='ltr'>Ely</span> <span class='ocrx_word' id='word_1_23' title='bbox 844 559 965 623; x_wconf 81' lang='lat' dir='ltr'>insidias</span> <span class='ocrx_word' id='word_1_24' title='bbox 991 561 1175 624; x_wconf 86' lang='lat' dir='ltr'>unanimiter</span> <span class='ocrx_word' id='word_1_25' title='bbox 1189 571 1397 641; x_wconf 86' lang='lat' dir='ltr'>paraverunt,</span> 
     </span>
     <span class='ocr_line' id='line_1_6' title="bbox 353 645 1399 734; baseline -0.006 -20"><span class='ocrx_word' id='word_1_26' title='bbox 353 645 509 714; x_wconf 74' lang='lat' dir='ltr'>adversum</span> <span class='ocrx_word' id='word_1_27' title='bbox 525 670 602 734; x_wconf 85' lang='lat' dir='ltr'>quos</span> <span class='ocrx_word' id='word_1_28' title='bbox 617 669 689 710; x_wconf 88' lang='lat' dir='ltr'>cum</span> <span class='ocrx_word' id='word_1_29' title='bbox 703 647 839 711; x_wconf 90' lang='lat' dir='ltr'>custodes</span> <span class='ocrx_word' id='word_1_30' title='bbox 855 645 958 710; x_wconf 87' lang='lat' dir='ltr'>insulae</span> <span class='ocrx_word' id='word_1_31' title='bbox 973 670 1035 712; x_wconf 90' lang='lat' dir='ltr'>non</span> <span class='ocrx_word' id='word_1_32' title='bbox 1049 645 1216 711; x_wconf 88' lang='lat' dir='ltr'>sufficerent</span> <span class='ocrx_word' id='word_1_33' title='bbox 1230 646 1399 723; x_wconf 85' lang='lat' dir='ltr'>rebellare,</span> 
     </span>
     <span class='ocr_line' id='line_1_7' title="bbox 353 734 1396 819; baseline -0.007 -18"><span class='ocrx_word' id='word_1_34' title='bbox 353 737 529 801; x_wconf 87' lang='lat' dir='ltr'>Galsridum</span> <span class='ocrx_word' id='word_1_35' title='bbox 544 737 695 811; x_wconf 87' lang='lat' dir='ltr'>comitem,</span> <span class='ocrx_word' id='word_1_36' title='bbox 721 750 793 798; x_wconf 89' lang='lat' dir='ltr'>tunc</span> <span class='ocrx_word' id='word_1_37' title='bbox 807 734 1005 800; x_wconf 84' lang='lat' dir='ltr'>adversarium</span> <span class='ocrx_word' id='word_1_38' title='bbox 1020 736 1163 818; x_wconf 79' lang='lat' dir='ltr'>Stephani</span> <span class='ocrx_word' id='word_1_39' title='bbox 1178 737 1269 819; x_wconf 84' lang='lat' dir='ltr'>regis,</span> <span class='ocrx_word' id='word_1_40' title='bbox 1285 739 1396 797; x_wconf 90' lang='lat' dir='ltr'>incen-</span> 
     </span>
     <span class='ocr_line' id='line_1_8' title="bbox 355 820 1400 908; baseline -0.003 -19"><span class='ocrx_word' id='word_1_41' title='bbox 355 827 413 889; x_wconf 90' lang='lat' dir='ltr'>diis</span> <span class='ocrx_word' id='word_1_42' title='bbox 429 826 552 907; x_wconf 89' lang='lat' dir='ltr'>patriam</span> <span class='ocrx_word' id='word_1_43' title='bbox 568 826 597 886; x_wconf 86' lang='lat'>&amp;</span> <span class='ocrx_word' id='word_1_44' title='bbox 612 821 757 887; x_wconf 91' lang='lat' dir='ltr'>seditione</span> <span class='ocrx_word' id='word_1_45' title='bbox 768 825 1004 906; x_wconf 82' lang='lat' dir='ltr'>perturbantem,</span> <span class='ocrx_word' id='word_1_46' title='bbox 1027 820 1206 908; x_wconf 86' lang='lat' dir='ltr'>suscipiunt:</span> <span class='ocrx_word' id='word_1_47' title='bbox 1229 825 1280 884; x_wconf 91' lang='lat' dir='ltr'>cui</span> <span class='ocrx_word' id='word_1_48' title='bbox 1296 823 1400 886; x_wconf 81' lang='lat' dir='ltr'>etiam</span> 
     </span>
     <span class='ocr_line' id='line_1_9' title="bbox 356 909 1397 995; baseline -0.008 -17"><span class='ocrx_word' id='word_1_49' title='bbox 356 912 483 978; x_wconf 86' lang='lat' dir='ltr'>castrum</span> <span class='ocrx_word' id='word_1_50' title='bbox 498 913 536 974; x_wconf 87' lang='lat' dir='ltr'>de</span> <span class='ocrx_word' id='word_1_51' title='bbox 556 913 623 995; x_wconf 91' lang='lat' dir='ltr'>Ely,</span> <span class='ocrx_word' id='word_1_52' title='bbox 647 927 739 995; x_wconf 88' lang='lat' dir='ltr'>atque</span> <span class='ocrx_word' id='word_1_53' title='bbox 758 911 917 987; x_wconf 91' lang='lat' dir='ltr'>Alrehede,</span> <span class='ocrx_word' id='word_1_54' title='bbox 939 913 979 976; x_wconf 94' lang='lat' dir='ltr'>ob</span> <span class='ocrx_word' id='word_1_55' title='bbox 994 911 1217 973; x_wconf 87' lang='lat' dir='ltr'>firmamentum</span> <span class='ocrx_word' id='word_1_56' title='bbox 1239 909 1397 984; x_wconf 84' lang='lat' dir='ltr'>tuitionis,</span> 
     </span>
     <span class='ocr_line' id='line_1_10' title="bbox 355 997 1395 1073; baseline -0.007 -7"><span class='ocrx_word' id='word_1_57' title='bbox 355 998 565 1066; x_wconf 91' lang='lat' dir='ltr'>submiserunt.</span> <span class='ocrx_word' id='word_1_58' title='bbox 611 1000 670 1062; x_wconf 88' lang='lat' dir='ltr'>Hic</span> <span class='ocrx_word' id='word_1_59' title='bbox 690 1017 776 1061; x_wconf 88' lang='lat' dir='ltr'>totus</span> <span class='ocrx_word' id='word_1_60' title='bbox 797 1002 830 1062; x_wconf 90' lang='lat' dir='ltr'>in</span> <span class='ocrx_word' id='word_1_61' title='bbox 854 1001 967 1064; x_wconf 84' lang='lat' dir='ltr'>rabiem</span> <span class='ocrx_word' id='word_1_62' title='bbox 990 997 1099 1073; x_wconf 86' lang='lat' dir='ltr'>versus,</span> <span class='ocrx_word' id='word_1_63' title='bbox 1122 999 1258 1062; x_wconf 78' lang='lat' dir='ltr'>invesius</span> <span class='ocrx_word' id='word_1_64' title='bbox 1276 1001 1395 1060; x_wconf 88' lang='lat' dir='ltr'>Rame-</span> 
     </span>
     <span class='ocr_line' id='line_1_11' title="bbox 355 1085 1441 1172; baseline -0.004 -20"><span class='ocrx_word' id='word_1_65' title='bbox 355 1089 439 1164; x_wconf 84' lang='lat' dir='ltr'>stam,</span> <span class='ocrx_word' id='word_1_66' title='bbox 464 1088 565 1150; x_wconf 91' lang='lat' dir='ltr'>nobile</span> <span class='ocrx_word' id='word_1_67' title='bbox 589 1087 746 1150; x_wconf 81' lang='lat' dir='ltr'>monaster:</span> <span class='ocrx_word' id='word_1_68' title='bbox 778 1087 932 1166; x_wconf 90' lang='lat' dir='ltr'>invadens,</span> <span class='ocrx_word' id='word_1_69' title='bbox 955 1085 1058 1172; x_wconf 81' lang='lat' dir='ltr'>fugata</span> <span class='ocrx_word' id='word_1_70' title='bbox 1082 1087 1222 1150; x_wconf 85' lang='lat' dir='ltr'>monach:</span> <span class='ocrx_word' id='word_1_71' title='bbox 1258 1102 1394 1165; x_wconf 81' lang='lat' dir='ltr'>caterva,</span> <span class='ocrx_word' id='word_1_72' title='bbox 1440 1114 1441 1143; x_wconf 66' lang='lat'>1</span> 
     </span>
    </p>
   </div>
   <div class='ocr_carea' id='block_1_5' title="bbox 225 1173 642 1260">
    <p class='ocr_par' dir='ltr' id='par_1_6' title="bbox 225 1173 642 1260">
     <span class='ocr_line' id='line_1_12' title="bbox 225 1173 642 1260; baseline -0.002 -21"><span class='ocrx_word' id='word_1_73' title='bbox 225 1217 229 1227; x_wconf 50' lang='grc' dir='ltr'><em>ι</em></span> <span class='ocrx_word' id='word_1_74' title='bbox 355 1176 519 1240; x_wconf 86' lang='lat' dir='ltr'>custodiam</span> <span class='ocrx_word' id='word_1_75' title='bbox 535 1173 642 1260; x_wconf 89' lang='lat' dir='ltr'>posuit.</span> 
     </span>
    </p>
   </div>
   <div class='ocr_carea' id='block_1_6' title="bbox 355 1262 1444 3019">
    <p class='ocr_par' dir='ltr' id='par_1_7' title="bbox 355 1262 1442 1524">
     <span class='ocr_line' id='line_1_13' title="bbox 400 1262 1442 1348; baseline -0.002 -21"><span class='ocrx_word' id='word_1_76' title='bbox 400 1265 541 1327; x_wconf 87' lang='lat' dir='ltr'>Similiter</span> <span class='ocrx_word' id='word_1_77' title='bbox 557 1264 639 1346; x_wconf 88' lang='lat' dir='ltr'>apud</span> <span class='ocrx_word' id='word_1_78' title='bbox 654 1264 797 1326; x_wconf 86' lang='lat' dir='ltr'>Benewik</span> <span class='ocrx_word' id='word_1_79' title='bbox 812 1264 843 1324; x_wconf 93' lang='lat' dir='ltr'>in</span> <span class='ocrx_word' id='word_1_80' title='bbox 863 1262 927 1347; x_wconf 90' lang='lat' dir='ltr'>ipso</span> <span class='ocrx_word' id='word_1_81' title='bbox 942 1263 1064 1326; x_wconf 87' lang='lat' dir='ltr'>tranfitu</span> <span class='ocrx_word' id='word_1_82' title='bbox 1079 1282 1238 1348; x_wconf 87' lang='lat' dir='ltr'>aquarum.</span> <span class='ocrx_word' id='word_1_83' title='bbox 1441 1320 1442 1333; x_wconf 69' lang='grc'>,</span> 
     </span>
     <span class='ocr_line' id='line_1_14' title="bbox 360 1350 1442 1436; baseline -0.001 -21"><span class='ocrx_word' id='word_1_84' title='bbox 360 1379 369 1386; x_wconf 77' lang='lat'>.</span> <span class='ocrx_word' id='word_1_85' title='bbox 400 1353 475 1415; x_wconf 90' lang='lat' dir='ltr'>Inde</span> <span class='ocrx_word' id='word_1_86' title='bbox 490 1351 632 1414; x_wconf 77' lang='lat' dir='ltr'>recessum</span> <span class='ocrx_word' id='word_1_87' title='bbox 652 1350 760 1413; x_wconf 87' lang='lat' dir='ltr'>habuit</span> <span class='ocrx_word' id='word_1_88' title='bbox 784 1373 834 1435; x_wconf 89' lang='lat' dir='ltr'>per</span> <span class='ocrx_word' id='word_1_89' title='bbox 854 1353 910 1434; x_wconf 86' lang='lat' dir='ltr'>Ely</span> <span class='ocrx_word' id='word_1_90' title='bbox 924 1355 1026 1434; x_wconf 91' lang='lat' dir='ltr'>quiete</span> <span class='ocrx_word' id='word_1_91' title='bbox 1050 1351 1087 1413; x_wconf 89' lang='lat' dir='ltr'>ad</span> <span class='ocrx_word' id='word_1_92' title='bbox 1106 1351 1271 1426; x_wconf 84' lang='lat' dir='ltr'>Fordham,</span> <span class='ocrx_word' id='word_1_93' title='bbox 1295 1372 1393 1436; x_wconf 90' lang='lat' dir='ltr'>quam</span> <span class='ocrx_word' id='word_1_94' title='bbox 1441 1350 1442 1353; x_wconf 66' lang='grc'>’</span> 
     </span>
     <span class='ocr_line' id='line_1_15' title="bbox 355 1437 1442 1524; baseline -0.004 -18"><span class='ocrx_word' id='word_1_95' title='bbox 355 1456 462 1506; x_wconf 87' lang='lat' dir='ltr'>contra</span> <span class='ocrx_word' id='word_1_96' title='bbox 477 1437 574 1502; x_wconf 87' lang='lat' dir='ltr'>hostes</span> <span class='ocrx_word' id='word_1_97' title='bbox 589 1437 644 1501; x_wconf 88' lang='lat' dir='ltr'>fibi</span> <span class='ocrx_word' id='word_1_98' title='bbox 660 1437 816 1501; x_wconf 88' lang='lat' dir='ltr'>convalida</span> <span class='ocrx_word' id='word_1_99' title='bbox 830 1459 920 1501; x_wconf 90' lang='lat' dir='ltr'>manu</span> <span class='ocrx_word' id='word_1_100' title='bbox 934 1443 1072 1522; x_wconf 89' lang='lat' dir='ltr'>equitum</span> <span class='ocrx_word' id='word_1_101' title='bbox 1087 1438 1205 1502; x_wconf 89' lang='lat' dir='ltr'>firmam</span> <span class='ocrx_word' id='word_1_102' title='bbox 1222 1439 1391 1524; x_wconf 84' lang='lat' dir='ltr'>usurpavit.</span> <span class='ocrx_word' id='word_1_103' title='bbox 1441 1502 1442 1513; x_wconf 60' lang='grc'>,</span> 
     </span>
    </p>

    <p class='ocr_par' dir='ltr' id='par_1_8' title="bbox 401 1524 1442 1612">
     <span class='ocr_line' id='line_1_16' title="bbox 401 1524 1442 1612; baseline -0.003 -22"><span class='ocrx_word' id='word_1_104' title='bbox 401 1527 572 1612; x_wconf 86' lang='lat' dir='ltr'>Stephanus</span> <span class='ocrx_word' id='word_1_105' title='bbox 587 1547 641 1590; x_wconf 83' lang='lat' dir='ltr'>rex</span> <span class='ocrx_word' id='word_1_106' title='bbox 654 1524 760 1610; x_wconf 88' lang='lat' dir='ltr'>spoliat</span> <span class='ocrx_word' id='word_1_107' title='bbox 774 1548 810 1589; x_wconf 86' lang='lat' dir='ltr'>ac</span> <span class='ocrx_word' id='word_1_108' title='bbox 824 1525 960 1589; x_wconf 89' lang='lat' dir='ltr'>distrahit</span> <span class='ocrx_word' id='word_1_109' title='bbox 975 1525 1157 1609; x_wconf 79' lang='lat' dir='ltr'>possessiones</span> <span class='ocrx_word' id='word_1_110' title='bbox 1172 1528 1298 1610; x_wconf 87' lang='lat' dir='ltr'>Nigeili.</span> <span class='ocrx_word' id='word_1_111' title='bbox 1441 1538 1442 1549; x_wconf 61' lang='lat'>¹</span> 
     </span>
    </p>

    <p class='ocr_par' dir='ltr' id='par_1_9' title="bbox 356 1614 1393 1784">
     <span class='ocr_line' id='line_1_17' title="bbox 401 1614 1393 1699; baseline -0.001 -20"><span class='ocrx_word' id='word_1_112' title='bbox 401 1621 506 1680; x_wconf 86' lang='lat' dir='ltr'>Fames</span> <span class='ocrx_word' id='word_1_113' title='bbox 522 1615 623 1698; x_wconf 80' lang='lat' dir='ltr'>ingens</span> <span class='ocrx_word' id='word_1_114' title='bbox 639 1617 669 1676; x_wconf 89' lang='lat' dir='ltr'>in</span> <span class='ocrx_word' id='word_1_115' title='bbox 693 1614 749 1694; x_wconf 68' lang='grc' dir='ltr'>ΕΙ)7</span> <span class='ocrx_word' id='word_1_116' title='bbox 771 1617 872 1699; x_wconf 83' lang='lat' dir='ltr'>co&#39;e’git</span> <span class='ocrx_word' id='word_1_117' title='bbox 886 1616 1025 1679; x_wconf 87' lang='lat' dir='ltr'>monach:</span> <span class='ocrx_word' id='word_1_118' title='bbox 1040 1615 1186 1699; x_wconf 86' lang='lat' dir='ltr'>reliquam</span> <span class='ocrx_word' id='word_1_119' title='bbox 1198 1631 1393 1681; x_wconf 87' lang='lat' dir='ltr'>ornamento·</span> 
     </span>
     <span class='ocr_line' id='line_1_18' title="bbox 356 1703 883 1784; baseline -0.017 -12"><span class='ocrx_word' id='word_1_120' title='bbox 356 1727 426 1772; x_wconf 84' lang='lat' dir='ltr'>tum</span> <span class='ocrx_word' id='word_1_121' title='bbox 442 1703 598 1766; x_wconf 82' lang='lat' dir='ltr'>ecclesiast:</span> <span class='ocrx_word' id='word_1_122' title='bbox 614 1717 731 1784; x_wconf 88' lang='lat' dir='ltr'>partem</span> <span class='ocrx_word' id='word_1_123' title='bbox 745 1703 883 1765; x_wconf 86' lang='lat' dir='ltr'>vendere.</span> 
     </span>
    </p>

    <p class='ocr_par' dir='ltr' id='par_1_10' title="bbox 400 1788 1255 1875">
     <span class='ocr_line' id='line_1_19' title="bbox 400 1788 1255 1875; baseline -0.005 -21"><span class='ocrx_word' id='word_1_124' title='bbox 400 1795 521 1855; x_wconf 88' lang='lat' dir='ltr'>Famem</span> <span class='ocrx_word' id='word_1_125' title='bbox 539 1811 590 1872; x_wconf 89' lang='lat' dir='ltr'>per</span> <span class='ocrx_word' id='word_1_126' title='bbox 605 1792 714 1852; x_wconf 89' lang='lat' dir='ltr'>vicinas</span> <span class='ocrx_word' id='word_1_127' title='bbox 729 1793 865 1874; x_wconf 84' lang='lat' dir='ltr'>regiones</span> <span class='ocrx_word' id='word_1_128' title='bbox 885 1811 969 1875; x_wconf 80' lang='lat' dir='ltr'>mag:</span> <span class='ocrx_word' id='word_1_129' title='bbox 983 1789 1072 1874; x_wconf 81' lang='lat' dir='ltr'>pestis</span> <span class='ocrx_word' id='word_1_130' title='bbox 1087 1788 1186 1854; x_wconf 86' lang='lat' dir='ltr'>secuta</span> <span class='ocrx_word' id='word_1_131' title='bbox 1199 1789 1255 1853; x_wconf 87' lang='lat' dir='ltr'>est.</span> 
     </span>
    </p>

    <p class='ocr_par' dir='ltr' id='par_1_11' title="bbox 402 1861 1275 1964">
     <span class='ocr_line' id='line_1_20' title="bbox 402 1861 1275 1964; baseline 0.005 -24"><span class='ocrx_word' id='word_1_132' title='bbox 402 1883 512 1940; x_wconf 84' lang='lat' dir='ltr'>Comes</span> <span class='ocrx_word' id='word_1_133' title='bbox 525 1861 695 1939; x_wconf 58' lang='lat' dir='ltr'>(laufridus</span> <span class='ocrx_word' id='word_1_134' title='bbox 713 1879 832 1939; x_wconf 86' lang='lat' dir='ltr'>interim</span> <span class='ocrx_word' id='word_1_135' title='bbox 852 1880 891 1941; x_wconf 92' lang='lat' dir='ltr'>ab</span> <span class='ocrx_word' id='word_1_136' title='bbox 911 1883 1043 1942; x_wconf 88' lang='lat' dir='ltr'>exercitu</span> <span class='ocrx_word' id='word_1_137' title='bbox 1058 1883 1135 1964; x_wconf 85' lang='lat' dir='ltr'>regis</span> <span class='ocrx_word' id='word_1_138' title='bbox 1151 1882 1275 1944; x_wconf 90' lang='lat' dir='ltr'>interiit.</span> 
     </span>
    </p>

    <p class='ocr_par' dir='ltr' id='par_1_12' title="bbox 403 1962 1231 2051">
     <span class='ocr_line' id='line_1_21' title="bbox 403 1962 1231 2051; baseline -0.001 -20"><span class='ocrx_word' id='word_1_139' title='bbox 403 1966 543 2051; x_wconf 87' lang='lat' dir='ltr'>Nigellus</span> <span class='ocrx_word' id='word_1_140' title='bbox 558 1968 574 2030; x_wconf 79' lang='lat' dir='ltr'>h</span> <span class='ocrx_word' id='word_1_141' title='bbox 588 1962 654 2027; x_wconf 90' lang='lat' dir='ltr'>sede</span> <span class='ocrx_word' id='word_1_142' title='bbox 670 1967 729 2028; x_wconf 89' lang='lat' dir='ltr'>Ro:</span> <span class='ocrx_word' id='word_1_143' title='bbox 745 1967 784 2028; x_wconf 93' lang='lat' dir='ltr'>ad</span> <span class='ocrx_word' id='word_1_144' title='bbox 805 1966 861 2047; x_wconf 85' lang='lat' dir='ltr'>Ely</span> <span class='ocrx_word' id='word_1_145' title='bbox 877 1969 974 2030; x_wconf 89' lang='lat' dir='ltr'>rediit.</span> <span class='ocrx_word' id='word_1_146' title='bbox 1226 1964 1231 1986; x_wconf 77' lang='lat'>⁸</span> 
     </span>
    </p>

    <p class='ocr_par' dir='ltr' id='par_1_13' title="bbox 437 2062 924 2136">
     <span class='ocr_line' id='line_1_22' title="bbox 437 2062 924 2136; baseline 0.004 -21"><span class='ocrx_word' id='word_1_147' title='bbox 437 2067 446 2136; x_wconf 53' lang='lat' dir='ltr'>J</span> <span class='ocrx_word' id='word_1_148' title='bbox 522 2062 525 2070; x_wconf 71' lang='grc'><em>’</em></span> <span class='ocrx_word' id='word_1_149' title='bbox 716 2069 797 2118; x_wconf 79' lang='lat' dir='ltr'>forsan</span> <span class='ocrx_word' id='word_1_150' title='bbox 810 2067 924 2117; x_wconf 82' lang='lat' dir='ltr'>Richardi</span> 
     </span>
    </p>

    <p class='ocr_par' dir='ltr' id='par_1_14' title="bbox 359 2136 1388 2310">
     <span class='ocr_line' id='line_1_23' title="bbox 402 2136 1388 2226; baseline 0.004 -24"><span class='ocrx_word' id='word_1_151' title='bbox 402 2137 572 2224; x_wconf 79' lang='lat' dir='ltr'>Richardus</span> <span class='ocrx_word' id='word_1_152' title='bbox 586 2138 623 2201; x_wconf 92' lang='lat' dir='ltr'>de</span> <span class='ocrx_word' id='word_1_153' title='bbox 638 2139 839 2214; x_wconf 83' lang='lat' dir='ltr'>Pontecardi,</span> <span class='ocrx_word' id='word_1_154' title='bbox 862 2136 1028 2201; x_wconf 82' lang='lat' dir='ltr'>clericus&amp;</span> <span class='ocrx_word' id='word_1_155' title='bbox 1043 2139 1162 2216; x_wconf 86' lang='lat' dir='ltr'>nobilis,</span> <span class='ocrx_word' id='word_1_156' title='bbox 1185 2142 1248 2226; x_wconf 86' lang='lat' dir='ltr'>egit</span> <span class='ocrx_word' id='word_1_157' title='bbox 1261 2143 1388 2206; x_wconf 88' lang='lat' dir='ltr'>caussam</span> 
     </span>
     <span class='ocr_line' id='line_1_24' title="bbox 359 2223 784 2310; baseline -0.005 -20"><span class='ocrx_word' id='word_1_158' title='bbox 359 2223 472 2310; x_wconf 87' lang='lat' dir='ltr'>Nigelli</span> <span class='ocrx_word' id='word_1_159' title='bbox 488 2227 570 2309; x_wconf 90' lang='lat' dir='ltr'>apud</span> <span class='ocrx_word' id='word_1_160' title='bbox 587 2228 784 2309; x_wconf 86' lang='lat' dir='ltr'>Stephanum.</span> 
     </span>
    </p>

    <p class='ocr_par' dir='ltr' id='par_1_15' title="bbox 359 2313 1444 2661">
     <span class='ocr_line' id='line_1_25' title="bbox 402 2313 1388 2400; baseline 0.005 -24"><span class='ocrx_word' id='word_1_161' title='bbox 402 2313 541 2397; x_wconf 87' lang='lat' dir='ltr'>Nigellus</span> <span class='ocrx_word' id='word_1_162' title='bbox 555 2315 675 2378; x_wconf 87' lang='lat' dir='ltr'>veniens</span> <span class='ocrx_word' id='word_1_163' title='bbox 692 2315 737 2375; x_wconf 84' lang='lat' dir='ltr'>&#39;ad</span> <span class='ocrx_word' id='word_1_164' title='bbox 755 2313 900 2397; x_wconf 89' lang='lat' dir='ltr'>Jepeswic</span> <span class='ocrx_word' id='word_1_165' title='bbox 924 2315 1049 2398; x_wconf 88' lang='lat' dir='ltr'>placavit</span> <span class='ocrx_word' id='word_1_166' title='bbox 1074 2317 1273 2400; x_wconf 89' lang='lat' dir='ltr'>Stephanum,</span> <span class='ocrx_word' id='word_1_167' title='bbox 1312 2318 1388 2382; x_wconf 87' lang='lat' dir='ltr'>datis</span> 
     </span>
     <span class='ocr_line' id='line_1_26' title="bbox 361 2395 1388 2487; baseline 0.008 -24"><span class='ocrx_word' id='word_1_168' title='bbox 361 2395 1388 2487; x_wconf 70' lang='lat' dir='ltr'>300&#39;.materis,&amp;filiumsuumobsrdemdedit,quemadolescentem</span> 
     </span>
     <span class='ocr_line' id='line_1_27' title="bbox 359 2485 1444 2582; baseline 0.008 -30"><span class='ocrx_word' id='word_1_169' title='bbox 359 2493 391 2552; x_wconf 92' lang='lat' dir='ltr'>in</span> <span class='ocrx_word' id='word_1_170' title='bbox 405 2488 560 2553; x_wconf 81' lang='lat' dir='ltr'>monaster:</span> <span class='ocrx_word' id='word_1_171' title='bbox 581 2491 747 2565; x_wconf 80' lang='lat' dir='ltr'>nutriebat,</span> <span class='ocrx_word' id='word_1_172' title='bbox 768 2499 906 2574; x_wconf 84' lang='lat' dir='ltr'>proquo,</span> <span class='ocrx_word' id='word_1_173' title='bbox 924 2494 953 2553; x_wconf 86' lang='lat'>&amp;</span> <span class='ocrx_word' id='word_1_174' title='bbox 965 2513 1130 2577; x_wconf 88' lang='lat' dir='ltr'>perquem,</span> <span class='ocrx_word' id='word_1_175' title='bbox 1150 2516 1231 2582; x_wconf 84' lang='lat' dir='ltr'>mag:</span> <span class='ocrx_word' id='word_1_176' title='bbox 1245 2498 1275 2557; x_wconf 77' lang='lat' dir='ltr'>a</span> <span class='ocrx_word' id='word_1_177' title='bbox 1286 2498 1388 2561; x_wconf 86' lang='lat' dir='ltr'>multis</span> <span class='ocrx_word' id='word_1_178' title='bbox 1443 2485 1444 2552; x_wconf 73' lang='grc' dir='ltr'>Ῑ</span> 
     </span>
     <span class='ocr_line' id='line_1_28' title="bbox 359 2575 1444 2661; baseline 0.005 -22"><span class='ocrx_word' id='word_1_179' title='bbox 359 2576 611 2655; x_wconf 86' lang='lat' dir='ltr'>laedebatureccl:</span> <span class='ocrx_word' id='word_1_180' title='bbox 629 2578 838 2661; x_wconf 80' lang='lat' dir='ltr'>incommodis.</span> <span class='ocrx_word' id='word_1_181' title='bbox 919 2606 923 2613; x_wconf 89' lang='lat'><strong>·</strong></span> <span class='ocrx_word' id='word_1_182' title='bbox 990 2586 996 2601; x_wconf 81' lang='lat'><strong><em>‘</em></strong></span> <span class='ocrx_word' id='word_1_183' title='bbox 1443 2575 1444 2586; x_wconf 42' lang='lat'>¹</span> 
     </span>
    </p>

    <p class='ocr_par' dir='ltr' id='par_1_16' title="bbox 403 2664 1185 2755">
     <span class='ocr_line' id='line_1_29' title="bbox 403 2664 1185 2755; baseline 0.009 -28"><span class='ocrx_word' id='word_1_184' title='bbox 403 2664 541 2755; x_wconf 81' lang='lat' dir='ltr'>Nigellus</span> <span class='ocrx_word' id='word_1_185' title='bbox 555 2670 725 2726; x_wconf 79' lang='lat' dir='ltr'>ornamenta</span> <span class='ocrx_word' id='word_1_186' title='bbox 745 2669 816 2729; x_wconf 90' lang='lat' dir='ltr'>eccl:</span> <span class='ocrx_word' id='word_1_187' title='bbox 830 2664 888 2729; x_wconf 83' lang='lat' dir='ltr'>suae</span> <span class='ocrx_word' id='word_1_188' title='bbox 902 2668 1010 2731; x_wconf 89' lang='lat' dir='ltr'>iterum</span> <span class='ocrx_word' id='word_1_189' title='bbox 1025 2666 1140 2753; x_wconf 91' lang='lat' dir='ltr'>spoliat.</span> <span class='ocrx_word' id='word_1_190' title='bbox 1180 2664 1185 2671; x_wconf 72' lang='grc'><strong>’</strong></span> 
     </span>
    </p>

    <p class='ocr_par' dir='ltr' id='par_1_17' title="bbox 360 2755 1392 3019">
     <span class='ocr_line' id='line_1_30' title="bbox 360 2755 1369 2842; baseline 0.012 -28"><span class='ocrx_word' id='word_1_191' title='bbox 360 2771 366 2783; x_wconf 83' lang='grc'><strong>’</strong></span> <span class='ocrx_word' id='word_1_192' title='bbox 404 2755 576 2835; x_wconf 84' lang='lat' dir='ltr'>Stephanus</span> <span class='ocrx_word' id='word_1_193' title='bbox 591 2756 728 2842; x_wconf 71' lang='lat' dir='ltr'>rexcum</span> <span class='ocrx_word' id='word_1_194' title='bbox 749 2776 797 2837; x_wconf 93' lang='lat'>19.</span> <span class='ocrx_word' id='word_1_195' title='bbox 813 2759 896 2817; x_wconf 86' lang='lat' dir='ltr'>annis</span> <span class='ocrx_word' id='word_1_196' title='bbox 911 2776 972 2839; x_wconf 85' lang='lat' dir='ltr'>reg:</span> <span class='ocrx_word' id='word_1_197' title='bbox 984 2759 1093 2820; x_wconf 87' lang='lat' dir='ltr'>morbo</span> <span class='ocrx_word' id='word_1_198' title='bbox 1104 2756 1271 2824; x_wconf 85' lang='lat' dir='ltr'>disenteriae</span> <span class='ocrx_word' id='word_1_199' title='bbox 1281 2762 1369 2826; x_wconf 86' lang='lat' dir='ltr'>obiit.</span> 
     </span>
     <span class='ocr_line' id='line_1_31' title="bbox 362 2839 1392 2929; baseline 0.012 -26"><span class='ocrx_word' id='word_1_200' title='bbox 362 2866 367 2879; x_wconf 90' lang='lat'>·</span> <span class='ocrx_word' id='word_1_201' title='bbox 405 2843 545 2926; x_wconf 86' lang='lat' dir='ltr'>Nigellus</span> <span class='ocrx_word' id='word_1_202' title='bbox 563 2839 716 2929; x_wconf 80' lang='lat' dir='ltr'>episcopus</span> <span class='ocrx_word' id='word_1_203' title='bbox 730 2846 803 2905; x_wconf 91' lang='lat' dir='ltr'>emit</span> <span class='ocrx_word' id='word_1_204' title='bbox 830 2845 848 2905; x_wconf 79' lang='lat' dir='ltr'>ai</span> <span class='ocrx_word' id='word_1_205' title='bbox 873 2864 943 2927; x_wconf 87' lang='lat' dir='ltr'>rege</span> <span class='ocrx_word' id='word_1_206' title='bbox 958 2847 1087 2908; x_wconf 86' lang='lat' dir='ltr'>Henrico</span> <span class='ocrx_word' id='word_1_207' title='bbox 1102 2867 1132 2910; x_wconf 86' lang='lat'>2.</span> <span class='ocrx_word' id='word_1_208' title='bbox 1156 2849 1212 2911; x_wconf 88' lang='lat' dir='ltr'>iter</span> <span class='ocrx_word' id='word_1_209' title='bbox 1223 2849 1392 2915; x_wconf 88' lang='lat' dir='ltr'>Thosolam</span> 
     </span>
     <span class='ocr_line' id='line_1_32' title="bbox 362 2928 1392 3019; baseline 0.01 -26"><span class='ocrx_word' id='word_1_210' title='bbox 362 2932 490 3014; x_wconf 84' lang='lat' dir='ltr'>paranti,</span> <span class='ocrx_word' id='word_1_211' title='bbox 507 2928 713 2995; x_wconf 87' lang='lat' dir='ltr'>Thesaurariae</span> <span class='ocrx_word' id='word_1_212' title='bbox 728 2934 805 3016; x_wconf 84' lang='lat' dir='ltr'>regis</span> <span class='ocrx_word' id='word_1_213' title='bbox 819 2932 1013 2996; x_wconf 89' lang='lat' dir='ltr'>ministerium</span> <span class='ocrx_word' id='word_1_214' title='bbox 1028 2955 1084 3019; x_wconf 90' lang='lat' dir='ltr'>pro</span> <span class='ocrx_word' id='word_1_215' title='bbox 1098 2937 1254 3001; x_wconf 84' lang='lat' dir='ltr'>Richardo</span> <span class='ocrx_word' id='word_1_216' title='bbox 1265 2937 1392 3003; x_wconf 90' lang='lat' dir='ltr'>filiosuo</span> 
     </span>
    </p>
   </div>
   <div class='ocr_carea' id='block_1_7' title="bbox 361 3006 1395 4070">
    <p class='ocr_par' dir='ltr' id='par_1_18' title="bbox 361 3006 635 3099">
     <span class='ocr_line' id='line_1_33' title="bbox 361 3006 580 3099; baseline -0.015 -15"><span class='ocrx_word' id='word_1_217' title='bbox 361 3036 439 3099; x_wconf 81' lang='lat'>400.</span> <span class='ocrx_word' id='word_1_218' title='bbox 456 3006 580 3080; x_wconf 56' lang='lat' dir='ltr'>lib&#39;ris&#39;s&#39;</span> 
     </span>
    </p>

    <p class='ocr_par' dir='ltr' id='par_1_19' title="bbox 406 3104 1028 3191">
     <span class='ocr_line' id='line_1_34' title="bbox 406 3104 1028 3191; baseline 0.005 -21"><span class='ocrx_word' id='word_1_219' title='bbox 406 3108 546 3189; x_wconf 84' lang='lat' dir='ltr'>Nigeilus</span> <span class='ocrx_word' id='word_1_220' title='bbox 561 3104 714 3191; x_wconf 83' lang='lat' dir='ltr'>episcopus</span> <span class='ocrx_word' id='word_1_221' title='bbox 734 3118 781 3191; x_wconf 85' lang='lat'>3⁰.</span> <span class='ocrx_word' id='word_1_222' title='bbox 799 3111 927 3172; x_wconf 89' lang='lat' dir='ltr'>Romam</span> <span class='ocrx_word' id='word_1_223' title='bbox 944 3111 1028 3190; x_wconf 90' lang='lat' dir='ltr'>petit.</span> 
     </span>
    </p>

    <p class='ocr_par' dir='ltr' id='par_1_20' title="bbox 362 3193 1393 3367">
     <span class='ocr_line' id='line_1_35' title="bbox 409 3193 1393 3286; baseline 0.011 -31"><span class='ocrx_word' id='word_1_224' title='bbox 409 3196 563 3278; x_wconf 83' lang='lat' dir='ltr'>Eugenius</span> <span class='ocrx_word' id='word_1_225' title='bbox 578 3193 732 3279; x_wconf 91' lang='lat' dir='ltr'>episcopus</span> <span class='ocrx_word' id='word_1_226' title='bbox 747 3201 805 3259; x_wconf 87' lang='lat' dir='ltr'>Ro:</span> <span class='ocrx_word' id='word_1_227' title='bbox 821 3197 932 3259; x_wconf 82' lang='lat' dir='ltr'>refutat</span> <span class='ocrx_word' id='word_1_228' title='bbox 948 3198 1055 3278; x_wconf 83' lang='lat' dir='ltr'>pullam</span> <span class='ocrx_word' id='word_1_229' title='bbox 1070 3198 1158 3263; x_wconf 81' lang='lat' dir='ltr'>dirisi:</span> <span class='ocrx_word' id='word_1_230' title='bbox 1174 3199 1393 3286; x_wconf 78' lang='lat' dir='ltr'>aNigetlo&#39;fibt</span> 
     </span>
     <span class='ocr_line' id='line_1_36' title="bbox 362 3281 1240 3367; baseline 0.005 -20"><span class='ocrx_word' id='word_1_231' title='bbox 362 3281 509 3356; x_wconf 87' lang='lat' dir='ltr'>oblatam,</span> <span class='ocrx_word' id='word_1_232' title='bbox 532 3290 623 3365; x_wconf 86' lang='lat' dir='ltr'>quam</span> <span class='ocrx_word' id='word_1_233' title='bbox 638 3288 745 3347; x_wconf 89' lang='lat' dir='ltr'>Emma</span> <span class='ocrx_word' id='word_1_234' title='bbox 761 3286 861 3367; x_wconf 82' lang='lat' dir='ltr'>regina</span> <span class='ocrx_word' id='word_1_235' title='bbox 875 3289 906 3347; x_wconf 90' lang='lat' dir='ltr'>S.</span> <span class='ocrx_word' id='word_1_236' title='bbox 920 3286 1107 3348; x_wconf 83' lang='lat' dir='ltr'>Etheldredae</span> <span class='ocrx_word' id='word_1_237' title='bbox 1120 3288 1214 3351; x_wconf 89' lang='lat' dir='ltr'>dedit.</span> <span class='ocrx_word' id='word_1_238' title='bbox 1237 3309 1240 3315; x_wconf 86' lang='lat'>·</span> 
     </span>
    </p>

    <p class='ocr_par' dir='ltr' id='par_1_21' title="bbox 363 3370 1393 3631">
     <span class='ocr_line' id='line_1_37' title="bbox 407 3370 1392 3458; baseline 0.01 -27"><span class='ocrx_word' id='word_1_239' title='bbox 407 3370 543 3452; x_wconf 80' lang='lat' dir='ltr'>Nigellus</span> <span class='ocrx_word' id='word_1_240' title='bbox 559 3373 597 3434; x_wconf 88' lang='lat' dir='ltr'>ab</span> <span class='ocrx_word' id='word_1_241' title='bbox 610 3374 745 3435; x_wconf 87' lang='lat' dir='ltr'>Adriano</span> <span class='ocrx_word' id='word_1_242' title='bbox 757 3389 842 3455; x_wconf 88' lang='lat' dir='ltr'>pont:</span> <span class='ocrx_word' id='word_1_243' title='bbox 857 3376 916 3435; x_wconf 88' lang='lat' dir='ltr'>Ro:</span> <span class='ocrx_word' id='word_1_244' title='bbox 931 3393 1017 3456; x_wconf 87' lang='lat' dir='ltr'>poena</span> <span class='ocrx_word' id='word_1_245' title='bbox 1028 3371 1220 3458; x_wconf 81' lang='lat' dir='ltr'>suspensionis</span> <span class='ocrx_word' id='word_1_246' title='bbox 1231 3379 1392 3454; x_wconf 84' lang='lat' dir='ltr'>multatus,</span> 
     </span>
     <span class='ocr_line' id='line_1_38' title="bbox 364 3456 1393 3552; baseline 0.012 -33"><span class='ocrx_word' id='word_1_247' title='bbox 364 3456 404 3521; x_wconf 88' lang='lat' dir='ltr'>ab</span> <span class='ocrx_word' id='word_1_248' title='bbox 419 3474 592 3539; x_wconf 83' lang='lat' dir='ltr'>ornamenta</span> <span class='ocrx_word' id='word_1_249' title='bbox 612 3460 800 3525; x_wconf 77' lang='lat' dir='ltr'>ecch-Elim:</span> <span class='ocrx_word' id='word_1_250' title='bbox 816 3464 904 3531; x_wconf 85' lang='lat' dir='ltr'>toties</span> <span class='ocrx_word' id='word_1_251' title='bbox 918 3458 1052 3545; x_wconf 87' lang='lat' dir='ltr'>spoliata,</span> <span class='ocrx_word' id='word_1_252' title='bbox 1076 3465 1227 3530; x_wconf 85' lang='lat' dir='ltr'>relaxatus</span> <span class='ocrx_word' id='word_1_253' title='bbox 1239 3466 1282 3531; x_wconf 89' lang='lat' dir='ltr'>est</span> <span class='ocrx_word' id='word_1_254' title='bbox 1296 3471 1393 3552; x_wconf 86' lang='lat' dir='ltr'>preci·</span> 
     </span>
     <span class='ocr_line' id='line_1_39' title="bbox 363 3545 954 3631; baseline 0.014 -23"><span class='ocrx_word' id='word_1_255' title='bbox 363 3545 424 3614; x_wconf 74' lang='lat' dir='ltr'>&#39;bus</span> <span class='ocrx_word' id='word_1_256' title='bbox 438 3548 559 3608; x_wconf 78' lang='lat' dir='ltr'>Hen&#39;rici</span> <span class='ocrx_word' id='word_1_257' title='bbox 575 3549 661 3631; x_wconf 81' lang='lat' dir='ltr'>regis.</span> <span class='ocrx_word' id='word_1_258' title='bbox 951 3610 954 3616; x_wconf 77' lang='grc'><strong><em>,</em></strong></span> 
     </span>
    </p>

    <p class='ocr_par' dir='ltr' id='par_1_22' title="bbox 362 3632 1395 3987">
     <span class='ocr_line' id='line_1_40' title="bbox 408 3632 1393 3717; baseline 0.01 -20"><span class='ocrx_word' id='word_1_259' title='bbox 408 3632 650 3699; x_wconf 69' lang='lat' dir='ltr'>GulaWarenne</span> <span class='ocrx_word' id='word_1_260' title='bbox 667 3656 778 3713; x_wconf 88' lang='lat' dir='ltr'>comes,</span> <span class='ocrx_word' id='word_1_261' title='bbox 801 3658 901 3701; x_wconf 87' lang='lat' dir='ltr'>comes</span> <span class='ocrx_word' id='word_1_262' title='bbox 922 3636 961 3701; x_wconf 90' lang='lat' dir='ltr'>de</span> <span class='ocrx_word' id='word_1_263' title='bbox 984 3640 1085 3717; x_wconf 88' lang='lat' dir='ltr'>Clare,</span> <span class='ocrx_word' id='word_1_264' title='bbox 1119 3662 1218 3705; x_wconf 89' lang='lat' dir='ltr'>comes</span> <span class='ocrx_word' id='word_1_265' title='bbox 1241 3643 1280 3705; x_wconf 91' lang='lat' dir='ltr'>de</span> <span class='ocrx_word' id='word_1_266' title='bbox 1301 3635 1393 3708; x_wconf 68' lang='lat' dir='ltr'>Albe·¹</span> 
     </span>
     <span class='ocr_line' id='line_1_41' title="bbox 364 3720 1395 3809; baseline 0.008 -23"><span class='ocrx_word' id='word_1_267' title='bbox 364 3722 469 3797; x_wconf 89' lang='lat' dir='ltr'>marie,</span> <span class='ocrx_word' id='word_1_268' title='bbox 492 3720 658 3809; x_wconf 80' lang='lat' dir='ltr'>Gausridus</span> <span class='ocrx_word' id='word_1_269' title='bbox 674 3739 688 3769; x_wconf 72' lang='lat'><em>⁶</em></span> <span class='ocrx_word' id='word_1_270' title='bbox 705 3728 802 3803; x_wconf 87' lang='lat' dir='ltr'>Marc,</span> <span class='ocrx_word' id='word_1_271' title='bbox 826 3728 973 3788; x_wconf 85' lang='lat' dir='ltr'>Henricus</span> <span class='ocrx_word' id='word_1_272' title='bbox 988 3728 1067 3791; x_wconf 88' lang='lat' dir='ltr'>silius</span> <span class='ocrx_word' id='word_1_273' title='bbox 1079 3732 1216 3807; x_wconf 88' lang='lat' dir='ltr'>Geroldi,</span> <span class='ocrx_word' id='word_1_274' title='bbox 1241 3734 1395 3798; x_wconf 88' lang='lat' dir='ltr'>Robcrtus</span> 
     </span>
     <span class='ocr_line' id='line_1_42' title="bbox 362 3810 1394 3900; baseline 0.012 -26"><span class='ocrx_word' id='word_1_275' title='bbox 362 3811 447 3874; x_wconf 82' lang='lat' dir='ltr'>filius</span> <span class='ocrx_word' id='word_1_276' title='bbox 459 3810 581 3886; x_wconf 88' lang='lat' dir='ltr'>Unsrid,</span> <span class='ocrx_word' id='word_1_277' title='bbox 605 3813 635 3873; x_wconf 73' lang='grc' dir='ltr'><strong>ἃ</strong></span> <span class='ocrx_word' id='word_1_278' title='bbox 649 3815 779 3891; x_wconf 84' lang='lat' dir='ltr'>Joannes</span> <span class='ocrx_word' id='word_1_279' title='bbox 798 3810 811 3859; x_wconf 69' lang='lat' dir='ltr'>l</span> <span class='ocrx_word' id='word_1_280' title='bbox 828 3815 876 3888; x_wconf 89' lang='lat' dir='ltr'>de,</span> <span class='ocrx_word' id='word_1_281' title='bbox 899 3815 938 3877; x_wconf 88' lang='lat' dir='ltr'>ab</span> <span class='ocrx_word' id='word_1_282' title='bbox 961 3813 1098 3900; x_wconf 89' lang='lat' dir='ltr'>episcopo</span> <span class='ocrx_word' id='word_1_283' title='bbox 1112 3818 1394 3890; x_wconf 80' lang='lat' dir='ltr'>Rozexcommuni·</span> 
     </span>
     <span class='ocr_line' id='line_1_43' title="bbox 363 3897 1261 3987; baseline 0.012 -26"><span class='ocrx_word' id='word_1_284' title='bbox 363 3899 426 3961; x_wconf 80' lang='lat' dir='ltr'>orti</span> <span class='ocrx_word' id='word_1_285' title='bbox 440 3897 496 3960; x_wconf 89' lang='lat' dir='ltr'>hac</span> <span class='ocrx_word' id='word_1_286' title='bbox 511 3899 575 3980; x_wconf 79' lang='lat' dir='ltr'>lege</span> <span class='ocrx_word' id='word_1_287' title='bbox 589 3897 641 3961; x_wconf 89' lang='lat' dir='ltr'>nisi</span> <span class='ocrx_word' id='word_1_288' title='bbox 653 3913 664 3945; x_wconf 82' lang='lat' dir='ltr'>c</span> <span class='ocrx_word' id='word_1_289' title='bbox 676 3900 729 3961; x_wconf 89' lang='lat' dir='ltr'>red</span> <span class='ocrx_word' id='word_1_290' title='bbox 743 3900 815 3961; x_wconf 89' lang='lat' dir='ltr'>eccl:</span> <span class='ocrx_word' id='word_1_291' title='bbox 832 3902 928 3964; x_wconf 85' lang='lat' dir='ltr'>Eiien:</span> <span class='ocrx_word' id='word_1_292' title='bbox 944 3903 1054 3984; x_wconf 85' lang='lat' dir='ltr'>ablatas</span> <span class='ocrx_word' id='word_1_293' title='bbox 1066 3906 1261 3987; x_wconf 83' lang='lat' dir='ltr'>posseffiones.</span> 
     </span>
    </p>

    <p class='ocr_par' dir='ltr' id='par_1_23' title="bbox 407 3987 1394 4070">
     <span class='ocr_line' id='line_1_44' title="bbox 407 3987 1394 4070; baseline 0.017 -23"><span class='ocrx_word' id='word_1_294' title='bbox 407 3987 465 4047; x_wconf 90' lang='lat' dir='ltr'>Vir</span> <span class='ocrx_word' id='word_1_295' title='bbox 478 3987 587 4049; x_wconf 88' lang='lat' dir='ltr'>nobilis</span> <span class='ocrx_word' id='word_1_296' title='bbox 612 3988 748 4070; x_wconf 78' lang='lat' dir='ltr'>quidam,</span> <span class='ocrx_word' id='word_1_297' title='bbox 770 3992 947 4052; x_wconf 86' lang='lat' dir='ltr'>camerarius</span> <span class='ocrx_word' id='word_1_298' title='bbox 970 3996 1088 4055; x_wconf 89' lang='lat' dir='ltr'>comitis</span> <span class='ocrx_word' id='word_1_299' title='bbox 1106 3996 1221 4068; x_wconf 74' lang='lat' dir='ltr'>Britan:</span> <span class='ocrx_word' id='word_1_300' title='bbox 1237 4000 1268 4063; x_wconf 59' lang='grc' dir='ltr'>δ’</span> <span class='ocrx_word' id='word_1_301' title='bbox 1283 4000 1394 4064; x_wconf 87' lang='lat' dir='ltr'>Riche·</span> 
     </span>
    </p>
   </div>
   <div class='ocr_carea' id='block_1_8' title="bbox 691 3017 727 3033">
    <p class='ocr_par' dir='ltr' id='par_1_24' title="bbox 691 3017 727 3033">
     <span class='ocr_line' id='line_1_45' title="bbox 691 3017 727 3033; baseline 0 0"><span class='ocrx_word' id='word_1_302' title='bbox 691 3017 695 3030; x_wconf 74' lang='grc' dir='ltr'><strong><em>ι</em></strong></span> <span class='ocrx_word' id='word_1_303' title='bbox 719 3020 727 3033; x_wconf 61' lang='lat' dir='ltr'>n</span> 
     </span>
    </p>
   </div>
   <div class='ocr_carea' id='block_1_9' title="bbox 226 4065 1395 4179">
    <p class='ocr_par' dir='ltr' id='par_1_25' title="bbox 226 4065 1395 4179">
     <span class='ocr_line' id='line_1_46' title="bbox 226 4065 1395 4179; baseline 0.019 -47"><span class='ocrx_word' id='word_1_304' title='bbox 226 4084 258 4134; x_wconf 70' lang='lat' dir='ltr'>-ti</span> <span class='ocrx_word' id='word_1_305' title='bbox 306 4133 318 4142; x_wconf 74' lang='grc'>,</span> <span class='ocrx_word' id='word_1_306' title='bbox 365 4073 472 4134; x_wconf 78' lang='lat' dir='ltr'>mont:</span> <span class='ocrx_word' id='word_1_307' title='bbox 502 4065 555 4135; x_wconf 68' lang='lat' dir='ltr'>‘ad&#39;</span> <span class='ocrx_word' id='word_1_308' title='bbox 574 4090 701 4137; x_wconf 88' lang='lat' dir='ltr'>mortem</span> <span class='ocrx_word' id='word_1_309' title='bbox 727 4097 803 4157; x_wconf 90' lang='lat' dir='ltr'>pene</span> <span class='ocrx_word' id='word_1_310' title='bbox 832 4079 1009 4155; x_wconf 89' lang='lat' dir='ltr'>infirmatus,</span> <span class='ocrx_word' id='word_1_311' title='bbox 1043 4080 1180 4149; x_wconf 85' lang='lat' dir='ltr'>habitum</span> <span class='ocrx_word' id='word_1_312' title='bbox 1202 4086 1395 4179; x_wconf 75' lang='lat' dir='ltr'>religionisi</span> 
     </span>
    </p>
   </div>
   <div class='ocr_carea' id='block_1_10' title="bbox 364 4159 1396 4375">
    <p class='ocr_par' dir='ltr' id='par_1_26' title="bbox 364 4159 1396 4375">
     <span class='ocr_line' id='line_1_47' title="bbox 364 4159 1395 4259; baseline 0.016 -38"><span class='ocrx_word' id='word_1_313' title='bbox 364 4159 505 4242; x_wconf 84' lang='lat' dir='ltr'>monach:</span> <span class='ocrx_word' id='word_1_314' title='bbox 517 4160 555 4223; x_wconf 90' lang='lat' dir='ltr'>de</span> <span class='ocrx_word' id='word_1_315' title='bbox 567 4162 622 4243; x_wconf 88' lang='lat' dir='ltr'>Ely</span> <span class='ocrx_word' id='word_1_316' title='bbox 634 4165 758 4247; x_wconf 88' lang='lat' dir='ltr'>accepit.</span> <span class='ocrx_word' id='word_1_317' title='bbox 793 4163 917 4249; x_wconf 90' lang='lat' dir='ltr'>Insuper</span> <span class='ocrx_word' id='word_1_318' title='bbox 927 4168 1029 4244; x_wconf 86' lang='lat' dir='ltr'>cellam</span> <span class='ocrx_word' id='word_1_319' title='bbox 1042 4168 1122 4252; x_wconf 88' lang='lat' dir='ltr'>apud</span> <span class='ocrx_word' id='word_1_320' title='bbox 1133 4173 1289 4258; x_wconf 89' lang='lat' dir='ltr'>Deneiam,</span> <span class='ocrx_word' id='word_1_321' title='bbox 1302 4196 1395 4259; x_wconf 90' lang='lat' dir='ltr'>quam</span> 
     </span>
     <span class='ocr_line' id='line_1_48' title="bbox 368 4260 1396 4375; baseline 0.013 -37"><span class='ocrx_word' id='word_1_322' title='bbox 368 4290 373 4309; x_wconf 85' lang='lat'><em>¹</em></span> <span class='ocrx_word' id='word_1_323' title='bbox 397 4304 411 4339; x_wconf 80' lang='lat' dir='ltr'>a</span> <span class='ocrx_word' id='word_1_324' title='bbox 422 4260 526 4339; x_wconf 78' lang='lat' dir='ltr'>Mmilli</span> <span class='ocrx_word' id='word_1_325' title='bbox 535 4290 599 4338; x_wconf 77' lang='lat' dir='ltr'>Tam.</span> <span class='ocrx_word' id='word_1_326' title='bbox 612 4292 632 4339; x_wconf 82' lang='grc' dir='ltr'>Ι.</span> <span class='ocrx_word' id='word_1_327' title='bbox 650 4290 738 4358; x_wconf 70' lang='lat' dir='ltr'>anglia</span> <span class='ocrx_word' id='word_1_328' title='bbox 748 4294 831 4357; x_wconf 74' lang='lat' dir='ltr'>Sarra,</span> <span class='ocrx_word' id='word_1_329' title='bbox 845 4303 873 4362; x_wconf 79' lang='lat' dir='ltr'>p·</span> <span class='ocrx_word' id='word_1_330' title='bbox 885 4302 941 4375; x_wconf 62' lang='grc' dir='ltr'>σῃ,</span> <span class='ocrx_word' id='word_1_331' title='bbox 984 4294 1064 4353; x_wconf 75' lang='lat' dir='ltr'>buon</span> <span class='ocrx_word' id='word_1_332' title='bbox 1073 4296 1188 4365; x_wconf 60' lang='lat' dir='ltr'>adiciens.</span> <span class='ocrx_word' id='word_1_333' title='bbox 1200 4318 1228 4355; x_wconf 80' lang='lat' dir='ltr'>ea</span> <span class='ocrx_word' id='word_1_334' title='bbox 1237 4262 1396 4374; x_wconf 61' lang='lat' dir='ltr'>Anphsncr:</span> 
     </span>
    </p>
   </div>
   <div class='ocr_carea' id='block_1_11' title="bbox 362 4350 708 4427">
    <p class='ocr_par' dir='ltr' id='par_1_27' title="bbox 362 4350 708 4427">
     <span class='ocr_line' id='line_1_49' title="bbox 362 4350 708 4427; baseline 0.02 -25"><span class='ocrx_word' id='word_1_335' title='bbox 362 4350 407 4413; x_wconf 75' lang='lat' dir='ltr'>lot:</span> <span class='ocrx_word' id='word_1_336' title='bbox 420 4354 457 4407; x_wconf 82' lang='lat' dir='ltr'>cit.</span> <span class='ocrx_word' id='word_1_337' title='bbox 507 4354 708 4427; x_wconf 69' lang='lat' dir='ltr'>rLttdderent,</span> 
     </span>
    </p>
   </div>
   <div class='ocr_carea' id='block_1_12' title="bbox 1340 4433 1396 4523">
    <p class='ocr_par' dir='ltr' id='par_1_28' title="bbox 1340 4433 1396 4523">
     <span class='ocr_line' id='line_1_50' title="bbox 1340 4433 1396 4523; baseline 0 -23"><span class='ocrx_word' id='word_1_338' title='bbox 1340 4433 1396 4523; x_wconf 83' lang='lat' dir='ltr'>ipsi</span> 
     </span>
    </p>
   </div>
   <div class='ocr_carea' id='block_1_13' title="bbox 0 0 1483 4900">
    <p class='ocr_par' dir='ltr' id='par_1_29' title="bbox 0 0 1483 4900">
     <span class='ocr_line' id='line_1_51' title="bbox 0 0 1483 4900; baseline 0 0"><span class='ocrx_word' id='word_1_339' title='bbox 0 0 1483 4900; x_wconf 95' lang='lat' dir='ltr'> </span> 
     </span>
    </p>
   </div>
  </div>
 </body>
</html>
