2925 4900
192 220 546 318 ANTIQUARH
579 226 1020 314 'COLLECTANEA
1225 229 1294 325 '313'

100 377 168 428 trans
180 364 257 448 regis
270 358 621 435 custodes,interfieiene
646 360 786 422 comitem
803 358 978 434 staffordiae,
1001 360 1033 422 8(
1054 358 1128 423 alios

99 445 213 526 multos
235 447 458 532 infortitudine
483 447 630 512 exercitus
645 449 733 530 regie.
778 451 819 513 Et
839 445 900 530 ipse
915 447 946 509 in
960 447 1021 510 fine
1041 446 1127 530 quafi
1228 522 1230 531 .

99 537 180 604 solus
201 537 279 616 stans
302 539 333 600 8(
355 533 509 600 condusus
532 535 710 598 trucidatur.
757 537 801 598 At
814 536 962 600 exercitus
987 536 1051 616 ejus
1065 535 1125 599 hoc

100 625 163 692 Viso
180 623 271 712 fugiit

143 708 222 778 Baro
237 714 275 776 de
287 712 457 797 Podington
470 731 509 774 ex
523 724 606 796 parte
620 711 741 794 Henrici
754 710 914 776 occiditur.

143 793 283 866 'Thomas
297 803 389 882 Percy
404 792 521 883 capitur
536 802 566 861 8(
581 799 756 880 decollatur.
856 870 859 879 .
925 873 930 883 .
1031 789 1036 798 ’
1140 781 1266 886 Th⁰¹¹¹³ffl
1356 851 1358 856 .

142 891 290 952 Henricus
312 891 406 970 Percy
429 887 567 950 mortuus
592 887 766 961 decollatur,
789 907 828 949 ne
845 881 889 948 sui
903 885 1035 950 dicerent
1057 897 1126 950 eum

99 970 208 1053 nivere,
231 979 261 1039 8(
274 992 365 1058 caput
379 977 442 1056 ejus
457 972 544 1058 super
559 991 677 1058 portam
693 975 828 1036 Eburum
843 974 975 1058 ponitur.
1138 995 1210 1049 gom:
1220 972 1294 1027 securi

143 1061 168 1128 F
170 1065 270 1128 adium
286 1062 327 1125 est
342 1064 400 1126 hoc
414 1063 526 1128 bellum
537 1065 568 1125 in
582 1062 671 1125 nodie
683 1067 713 1126 S.
724 1064 920 1146 Magdalenae.
966 1067 1007 1124 Et
1015 1059 1129 1124 cecide·
1141 1047 1267 1114 perculsus.

99 1167 183 1228 runt,
206 1166 241 1214 ut
252 1151 367 1214 dietum
377 1149 428 1226 est,
454 1153 547 1214 1600.
570 1151 635 1224 viri,
660 1153 690 1212 8(
703 1171 757 1212 rex
771 1149 829 1212 fnit
844 1152 874 1212 in
888 1171 968 1235 mag:
982 1148 1129 1236 pericu10,

100 1241 132 1304 8(
147 1241 281 1327 princeps
296 1239 414 1301 Walliae
428 1239 600 1325 uulneratus
614 1238 689 1300 facie
700 1237 814 1321 sagittar
954 1313 959 1322 Ι

145 1328 283 1391 Boreales
298 1327 404 1389 milites
421 1328 451 1388 8(
466 1321 613 1409 armigeri,
636 1328 691 1408 qui
711 1325 832 1388 fuerunt
854 1325 885 1384 in
903 1324 985 1389 bello
1006 1326 1126 1390 Hentici
1139 1357 1197 1422 rag.
1210 1360 1266 1416 389,

100 1409 204 1498 Percy,
227 1416 382 1478 redierunt
398 1415 429 1495 in
448 1405 709 1489 Northumbriam,
732 1414 900 1493 claudentes
927 1411 957 1476 se
981 1411 1127 1478 incastris
1168 1490 1170 1493 Ι

101 1499 228 1578 ibidem,
252 1523 312 1564 non
328 1501 511 1564 confidentes
525 1503 556 1564 in
570 1501 667 1582 gratia
688 1502 778 1586 regis.

147 1593 213 1653 Hoc
226 1610 307 1674 anno
319 1610 373 1652 rex
388 1587 501 1652 transiit
515 1590 546 1652 in
558 1588 708 1664 Waltiam,
733 1590 764 1651 8(
777 1588 849 1671 quia
863 1604 940 1652 tetra
954 1587 996 1651 est
1009 1589 1126 1672 inequi-

104 1674 203 1742 tabiliu
218 1677 280 1740 cito
291 1679 460 1740 revertitur.
645 1755 646 1758 Ἴ
752 1746 762 1751 ,
944 1749 948 1758 ‚

148 1765 326 1828 Edmundus
338 1765 374 1826 de
386 1760 583 1828 Mortuomari
594 1756 739 1827 inWallia
754 1784 815 1826 non
825 1762 923 1827 valens
934 1759 1128 1840 se'redimerm

104 1843 181 1916 dixit
195 1845 225 1914 ie
240 1873 394 1936 nunquam
413 1853 487 1914 velle
502 1833 612 1928 inbelle
633 1849 687 1914 sub
702 1855 831 1937 Henrico
844 1874 938 1936 rege:
969 1850 1018 1915 sed
1034 1851 1130 1952 liliam

103 1939 245 2004 Audoe'ni
260 1938 389 2003 'Glindor
403 1959 472 2002 cum
492 1960 570 2022 mag:
587 1937 762 2002 solennitate
775 1940 864 2001 duxit
877 1942 907 2002 iu
925 1961 1062 2003 uxorem.
1124 1968 1126 1973 ⁴

148 2031 256 2092 Comes
265 2028 464 2094 Northumbr:
482 2025 565 2110 pater
579 2029 697 2090 Henrici
709 2031 810 2108 Percy,
829 2029 965 2107 promilla
975 2026 1130 2091 securitate
1143 2051 1146 2054 ⁴

103 2119 185 2180 venit
206 2116 244 2178 ad
270 2117 433 2179 Henricum
455 2137 553 2198 regem
579 2116 691 2192 dicens,
714 2116 800 2199 quod
816 2113 895 2178 filius
921 2111 989 2178 suus
1011 2116 1075 2178 haec
1097 2117 1129 2178 8(

104 2203 202 2266 multa
216 2199 489 2266 aliafecitsmesuo
503 2202 634 2267 consilio.
934 2252 938 2263 .

149 2285 217 2354 Hoc
227 2311 305 2352 anno
315 2287 475 2372 ejiciuntur
489 2287 506 2353 ai
519 2311 611 2374 reguo
621 2311 654 2355 2.
666 2290 735 2353 filiae
745 2291 861 2375 regina,
878 2286 1020 2354 &omnes
1029 2290 1131 2356 alieni-

105 2393 198 2465 genae,
214 2378 268 2463 qui
277 2393 419 2442 venerant
429 2399 499 2441 cum
510 2399 554 2455 ea,
572 2379 642 2463 quia
654 2380 779 2442 domum
791 2381 902 2465 regiam
913 2381 1085 2457 onerabunt.

150 2470 216 2529 Hoc
229 2487 305 2531 anno
320 2469 392 2530 dum
407 2488 460 2531 rex
481 2468 548 2531 ellet
574 2469 606 2529 in
631 2468 822 2549 parlameum,
846 2467 964 2547 Wallici
990 2462 1127 2531 combus⁴

105 2545 204 2620 serunt
217 2564 356 2639 magnam
371 2572 485 2638 partem
498 2556 600 2619 comit:
624 2556 758 2639 Salapia.
778 2572 781 2576 ’

149 2644 291 2707 AnnoD.
311 2663 405 2721 1404.
429 2645 460 2705 8(
475 2664 508 2722 4.
524 2664 602 2705 anno
617 2646 737 2706 Henrici
761 2641 1020 2727 regieAudo'e'nus
1044 2643 1131 2706 Glin-

107 2728 203 2793 doure
219 2746 315 2813 partes
329 2731 468 2794 australes
493 2730 610 2795 Walliae
624 2732 765 2805 incendit,
789 2734 819 2793 8(
840 2731 940 2793 villam
955 2732 993 2793 de
1007 2727 1132 2805 Cairdif,

108 2814 139 2880 8(
153 2814 279 2879 castrum
293 2816 418 2881 obsedit.
462 2820 525 2912 Qui
539 2839 610 2880 vero
624 2818 703 2881 intus
723 2834 807 2880 erant
823 2816 962 2880 miserunt
976 2817 1015 2877 ad
1029 2838 1133 2900 regem

108 2918 242 2989 petentes
264 2901 419 2967 auxilium.
466 2906 524 2975 Sed
539 2896 599 2988 ipse
613 2908 766 2978 necvenit,
787 2926 840 2967 nec
854 2902 1020 2967 succursum
1043 2904 1133 2968 misit.

107 2994 276 3058 Audoe'nus
290 2994 390 3055 villam
414 2995 493 3077 cepit
517 2994 547 3055 8(
572 2993 714 3068 incendit,
739 3011 845 3076 praeter
870 3013 964 3073 uuum
980 2994 1079 3053 vicum
1101 2994 1133 3055 iu

107 3092 171 3165 quo
184 3078 287 3142 fratres
309 3076 441 3144 Minores
456 3076 653 3156 habitabant;
682 3093 776 3162 quem
796 3102 896 3143 amore
912 3078 1040 3142 fratrum
1063 3100 1133 3143 curn
1224 3142 1227 3145 ,

108 3183 255 3232 conventu
272 3166 345 3231 stare
360 3170 502 3251 permifit.
547 3171 635 3251 Cepit
649 3165 767 3251 insuper
781 3168 918 3244 castrum,
935 3167 1132 3241 &destruite

109 3253 277 3339 multasque
293 3252 408 3320 divitias
426 3254 467 3320 ibi
484 3254 624 3337 repositas
639 3255 770 3320 abstulit.
814 3260 935 3318 Etcum
956 3254 1062 3317 fratres
1077 3256 1137 3317 Mis

108 3364 196 3409 nores
220 3359 356 3427 peterent
379 3345 418 3407 ab
440 3365 476 3409 eo
498 3346 590 3407 libros
613 3342 679 3407 suos
708 3346 738 3407 8c
764 3344 882 3418 calices,
905 3365 981 3425 quos
996 3345 1026 3404 in
1042 3341 1137 3405 callio

109 3427 312 3514 deposuerant,
323 3427 483 3515 respondit,
508 3441 528 3467 ‘¹
540 3430 643 3517 Quare
653 3428 784 3513 posuistis
792 3429 883 3493 nestra
894 3430 1135 3493 bonaincastroi

109 3526 133 3558 “
156 3521 189 3584 Si
203 3540 238 3581 ea
251 3520 435 3583 retinuissetis
450 3520 530 3603 apud
546 3540 608 3593 vos,
632 3516 708 3581 salva
723 3521 810 3581 vobis
824 3516 972 3597 fuillen‘t.’{

153 3609 221 3669 Hoc
242 3626 321 3669 anno
336 3606 416 3671 filius
431 3608 571 3669 Audoeni
594 3607 747 3669 Glindour
760 3603 798 3668 ab
813 3608 946 3691 Anglicis
960 3606 1086 3687 capitur,
1109 3607 1224 3693 &Filius
1235 3612 1287 3691 Au·

108 3694 143 3758 in
158 3696 261 3757 turrim
278 3696 420 3757 London:
436 3696 576 3757 mittitur.
622 3698 714 3757 Tunc
729 3694 852 3757 heredes
867 3695 984 3756 comitis
995 3694 1137 3756 Marchiae
1147 3682 1219 3796 3⁰0¹ss
1229 3678 1303 3727 G¹¹f¹‘

109 3784 174 3848 duo
188 3781 240 3843 filii
255 3780 411 3845 existentes
426 3785 456 3845 in
468 3783 582 3844 Wurda
598 3782 683 3865 regis,
707 3802 783 3865 quos
798 3784 921 3864 quidam
938 3781 1078 3843 dixerunt
1089 3802 1136 3844 ve·
1163 3758 1303 3828 wem

110 3892 160 3933 ros
175 3869 297 3932 heredes
312 3870 396 3953 regui
410 3870 503 3951 Angl:
520 3870 558 3932 de
575 3872 712 3951 proxima
736 3870 812 3930 linea
827 3870 865 3930 de
880 3869 969 3951 stirpe
987 3868 1043 3929 D¹.
1059 3872 1137 3931 Leo·

110 3956 191 4031 nelli,
215 3957 338 4021 abdudti
353 3954 477 4019 fuerunt
491 3956 508 4016 i
522 3958 603 4018 curia
619 3959 694 4039 regis
711 3978 762 4037 per
777 3956 927 4039 quandam
942 3956 1139 4019 Dnmlcellam

111 4045 151 4107 de
162 4055 276 4107 camera
288 4044 407 4128 reginae,
419 4044 449 4105 8(
460 4046 468 4105 i
472 4040 522 4127 psa
534 4042 679 4107 accusavit
690 4043 726 4105 de
738 4044 797 4105 hoc
806 4044 912 4105 ducem
922 4045 1069 4128 Eburum.
1099 4048 1141 4106 Et

112 4131 178 4193 dux
192 4133 224 4191 in
238 4129 333 4193 castro
342 4132 379 4193 de
391 4130 551 4213 Petenesey
566 4132 751 4215 aliquamdiu
764 4129 900 4193 detentus
909 4130 966 4195 est.
1012 4133 1086 4193 Dux
1098 4145 1140 4193 tn-

113 4238 183 4282 men
198 4217 348 4281 excusavit
364 4216 401 4291 se,
424 4219 535 4293 dicens,
560 4220 643 4303 quod
664 4216 724 4301 ipse
738 4218 819 4282 scivit
837 4219 922 4301 quod
945 4219 1141 4295 allicerentur,
1155 4236 1212 4303 Peg.
1225 4248 1282 4295 (ρο.

113 4307 144 4369 8(
160 4307 346 4385 praemunivit
360 4306 398 4367 de
412 4306 470 4369 hoc
484 4328 593 4391 regem.
831 4307 834 4311 ⁴

157 4394 445 4459 Tou.=1.Par.a.
666 4394 725 4457 Rr
922 4404 926 4411 '
1075 4394 1143 4458 Hoc
