2925 4900
194 282 260 359 φα
530 249 1200 341 Joauutsuaunuut

195 418 255 484 Pag,
268 418 326 476 576,
953 407 957 419 ¹
1010 396 1197 465 ardriepiscoput
1207 390 1396 445 Liehefeldenfir

102 527 114 554 J
231 480 409 554 ‚contentio
437 478 514 542 inter
538 480 696 561 Metropo·
784 476 828 535 Ita
844 485 952 544 tamen,
974 484 1010 531 ut
1025 483 1108 551 pater
1124 468 1190 547 pius
1206 458 1265 525 suis
1284 462 1396 527 diebus

200 572 308 640 litanos
335 566 496 631 Britanniae
527 564 567 627 de
596 562 699 647 pallio.
744 560 833 643 pallio
856 578 915 623 non
939 572 1077 627 exuatur,
1101 554 1169 616 licet
1191 549 1343 613 ordinatio
1362 571 1395 611 e·

200 662 282 723 Nam
307 655 407 720 Offam
432 649 699 735 Metropolitanum
743 643 931 733 piscoporum
949 645 986 707 ad
1006 640 1136 706 sensiam
1155 640 1324 723 &primam
1351 632 1396 707 le.-

199 744 299 811 sedem
314 744 395 833 apud
406 738 566 832 Lichaseld
578 736 695 802 institu·
740 734 812 798 dem
826 746 970 821 recurrat.

202 849 276 906 etat.
561 844 611 909 Ex
633 838 746 924 epistola
758 840 858 903 Albini
877 836 918 903 ad
935 832 1030 922 Offam
1045 856 1150 918 regem.

413 944 562 1008 Dominus
585 962 639 1005 tex
660 938 787 1003 Carolus
807 937 1017 1001 amabiliter&
1038 935 1167 999 fideliter
1180 926 1254 1015 saepe
1274 952 1398 1004 mecum

369 1034 489 1104 locutus
503 1030 545 1094 esi
562 1029 601 1092 de
615 1028 709 1103 vobis,
732 1027 763 1089 a
777 1025 815 1090 de
829 1046 866 1088 eo
879 1028 1002 1096 omnino
1017 1024 1133 1088 habetis
1147 1020 1349 1085 fidelissimum
1365 1040 1397 1081 a·

369 1122 495 1194 micum.
538 1118 612 1182 Ideo
622 1116 723 1182 exules
734 1116 868 1184 Romam
878 1109 980 1199 dirigit
989 1112 1027 1176 ad
1035 1112 1190 1193 ¹judicium
1198 1108 1314 1172 domini
1325 1128 1398 1193 apo,

324 1240 330 1245 ·
461 1216 464 1222 ’
674 1244 678 1250 ’
761 1216 874 1265 Cntnnr:

369 1285 473 1364 slolici‚
507 1287 538 1349 δι
562 1283 751 1352 AEthelhardi
779 1280 918 1369 episcopi.
962 1278 1072 1345 Vestrae
1092 1300 1216 1365 quoque
1242 1273 1397 1345 dilestioni

277 1394 284 1406 ‘
369 1376 460 1460 digna
475 1374 578 1459 dirigit
591 1393 724 1440 munera.
836 1426 838 1437 ,

414 1463 493 1527 Mihi
516 1482 585 1525 vero
609 1460 741 1524 multum
767 1457 892 1542 indigno
912 1456 1046 1541 regimen
1069 1452 1196 1523 ecclesiae
1222 1452 1255 1520 S.
1271 1453 1398 1519 Martini

369 1552 450 1615 venit
465 1552 495 1613 in
508 1568 614 1613 manns
631 1570 692 1612 non
705 1545 881 1611 voluntarie.

100 1670 125 1712 μ
203 1654 328 1719 aegrotus
414 1638 515 1701 Saluta
526 1657 594 1701 meo
605 1635 705 1699 officio
728 1679 956 1708 .....
979 1630 1191 1699 nobiliffimum
1200 1630 1354 1711 juvenem,
1368 1634 1398 1695 8<

203 1720 267 1801 ⁶¹³³?
279 1715 347 1776 ΜΦ·
371 1727 529 1809 diligenter
545 1744 617 1794 cura
634 1745 708 1796 eum
721 1725 753 1787 in
768 1722 816 1785 dei
831 1722 938 1786 timore
952 1721 1075 1797 eruditi,
1099 1718 1128 1783 &
1143 1738 1204 1786 nou
1219 1734 1320 1803 pereat
1333 1720 1397 1805 spes

262 1844 270 1855 .
371 1815 540 1885 multorum
555 1814 644 1875 lne0.
881 1874 886 1885 ‚
1102 1822 1104 1827 ’
1193 1864 1196 1869 ,
1284 1816 1287 1825 ’

187 2003 194 2015 p
403 1930 454 1989 Ex
467 1925 577 2008 epislasa
588 1924 687 1988 Albini
698 1920 742 1987 ad
747 1916 887 2009 quendam
899 1922 1027 2007 Anglum
1032 1923 1159 2010 patritii
1172 1920 1236 1987 ord:
1252 1922 1366 1989 viratu.

205 2040 346 2116 Morssscg-
416 2034 487 2095 Non
502 2031 582 2093 enim
600 2028 726 2093 nobiliss:
747 2029 863 2108 juvenis
877 2046 914 2089 ex
928 2024 987 2090 suis
1004 2028 1130 2109 peccatis
1153 2027 1200 2108 (ut
1213 2029 1295 2111 reor)
1318 2046 1399 2091 mor·

205 2104 344 2217 fflfiffi
376 2134 446 2182 tuus
460 2117 524 2190 esi:
558 2115 607 2179 sed
632 2118 724 2186 etiam
747 2117 861 2198 paterni
875 2112 1023 2197 sanguinis
1048 2114 1125 2177 ultio
1144 2117 1175 2177 in
1191 2113 1290 2178 filium
1304 2114 1400 2198 usque

303 2186 332 2224 ε’
372 2206 562 2272 redundavit.
605 2206 694 2279 Nam,
709 2202 785 2267 stcut
797 2200 849 2269 scis
860 2204 982 2285 optime,
998 2222 1092 2286 quam
1106 2203 1238 2268 multum
1248 2200 1399 2288 sanguinis

365 2294 479 2359 offudit
503 2308 584 2376 pater
604 2294 678 2373 ejus,
701 2307 742 2355 ut.
763 2310 891 2376 regnum
917 2290 981 2355 filio
1005 2290 1204 2356 confirmaret.
1259 2294 1320 2357 Sed
1340 2292 1400 2357 boc

237 2381 241 2391 ’
371 2383 559 2449 confirmatio
573 2401 634 2445 non
650 2379 710 2447 suit
724 2382 818 2468 regni,
842 2376 891 2445 sed
904 2377 1073 2447 destructio.

418 2475 531 2536 Timeo
553 2470 638 2553 quod
653 2467 831 2552 Ardulpbus
857 2487 910 2532 rex
923 2467 1017 2532 vester
1038 2469 1099 2531 cito
1126 2489 1255 2552 regnum
1276 2469 1400 2554 perdere

373 2561 494 2633 babeat,
520 2571 643 2639 propter
657 2555 867 2622 coutumeliam
882 2575 973 2639 quarn
988 2557 1019 2618 in
1035 2555 1124 2618 deum
1135 2559 1224 2640 gerit,
1247 2563 1400 2643 propriam
1455 2573 1456 2576 ’

375 2648 527 2712 dimittens
541 2646 678 2719 uxorem,
702 2644 823 2727 publice
846 2641 876 2707 se
898 2641 1009 2708 socians
1032 2645 1217 2721 concubinae,
1241 2665 1277 2709 ut
1292 2645 1399 2713 fertur.

372 2737 435 2803 Vos
448 2753 571 2820 quoque
581 2753 704 2817 <omnem
723 2747 842 2817 gentem
853 2733 1037 2801 Merciorum
1048 2735 1240 2811 admonearis,
1256 2750 1291 2798 ut
1303 2757 1401 2801 mores

1025 2847 1038 2880 1¹

374 2899 483 2976 bonos,
506 2902 537 2963 a
549 2898 708 2975 modestos,
730 2899 762 2964 ἃ
776 2897 885 2973 castros
899 2897 1055 2985 diligentes
1068 2896 1233 2980 observent,
1256 2923 1336 2990 quos
1350 2903 1401 2970 be..

206 3003 284 3068 Lege
295 2997 363 3048 offa.
377 3005 432 3052 atae
452 2991 600 3051 memoriae
614 2985 682 3053 offa
702 2986 760 3050 illis
782 2987 919 3052 instituit.

209 3089 337 3143 nitendo
363 3119 375 3158 ,ξ
420 3079 497 3139 Nam
515 3074 649 3138 nostrum
667 3094 805 3156 regnum,
827 3074 859 3138 id
877 3073 1302 3156 est,·Northanhumbrorum,
1327 3101 1403 3163 pene

205 3154 466 3248 ⁸⁶⁵N⁰s³¹¹2¹periit
492 3179 614 3247 propter
635 3163 821 3228 dissentiones
843 3161 1004 3239 intestinas,
1033 3163 1201 3230 &fallaces
1225 3168 1403 3248 jurationes.

208 3222 357 3339 ffinmbro·
378 3256 442 3316 Nec
455 3251 529 3315 mihi
543 3252 661 3315 videtur
674 3251 712 3314 ad
727 3251 788 3314 huc
801 3250 858 3314 else
872 3251 963 3316 finem
978 3251 1098 3317 illorum
1112 3254 1241 3319 malitiae.

223 3354 285 3434 i’ag.
295 3378 350 3423 stt·
488 3357 622 3447 Epistola
636 3361 740 3424 Albini
759 3361 798 3426 ad
813 3363 978 3446 Eugenium
991 3365 1137 3446 virginem
1151 3367 1293 3451 Anglam.

554 3454 604 3514 Ex
617 3449 729 3532 epistola
741 3450 835 3514 Caroli
846 3455 934 3536 Mag:
949 3450 991 3514 ad
1002 3449 1093 3536 Offam
1108 3475 1216 3538 regem.
1233 3453 1238 3461 ’

351 3619 359 3636 ⁹
422 3539 719 3623 'Virovenerandoac
728 3533 814 3603 fratri
828 3539 943 3604 chariss:
967 3539 1042 3604 offae
1053 3543 1115 3626 tegi
1128 3533 1330 3610 Meteiorum:
1347 3548 1403 3614 tte.

424 3625 485 3690 Sed
500 3625 688 3708 probavimus
705 3621 849 3710 quosdam
863 3625 1068 3692 fraudulenter
1083 3631 1251 3714 negotiandi
1264 3636 1362 3700 caussa
1377 3634 1407 3701 se

382 3713 589 3789 intermiscere,
613 3714 696 3780 lucra
706 3713 848 3777 sedantes
862 3735 923 3779 non
938 3715 1073 3800 religioni
1091 3715 1253 3784 servientes.

424 3805 524 3866 Petras
538 3821 610 3864 vero
633 3805 741 3886 nigras,
764 3821 839 3885 quas
852 3801 945 3866 vestra
960 3803 1103 3890 flagitavit
1125 3809 1297 3886 reverentia,
1319 3811 1406 3874 vobis

381 3890 488 3957 direxi.
534 3892 641 3952 Veniat
665 3889 765 3952 missus
787 3891 842 3974 qui
856 3889 1030 3969 confideret,
1053 3895 1155 3979 quales
1174 3885 1292 3960 animus
1312 3897 1408 3962 veliet

382 3976 540 4053 destderet,
563 3981 592 4040 dr
608 3979 780 4062 ubicunque
794 3978 905 4054 inventi
919 3977 1029 4044 suerint
1039 3981 1103 4047 dari
1118 3988 1147 4052 8<
1162 3972 1340 4050 invehendo
1353 3987 1407 4048 ad·

381 4065 481 4145 juvari
508 4067 635 4130 libenter
657 4067 872 4140 mandarimus,
917 4068 974 4130 Sed
992 4067 1066 4132 ficut
1080 4089 1132 4137 tos
1157 4069 1194 4136 de
1217 4059 1410 4158 longitudine

386 4166 537 4231 petrarum
551 4153 726 4218 destderium
743 4151 870 4220 vestrum
885 4153 1049 4232 intimastis,
1078 4159 1164 4228 ita&
1177 4157 1268 4224 nostri
1286 4161 1325 4226 de
1338 4183 1409 4246 pro-

384 4239 498 4310 lixitatc
502 4239 641 4343 sagorum
649 4239 786 4326 possum,
802 4259 837 4305 ut
849 4243 920 4308 tales
929 4245 1059 4325 jubeatis
1070 4249 1145 4329 sieri,
1162 4247 1264 4344 quales
1274 4251 1410 4336 antiquis

385 4329 569 4423 temporibus
583 4331 621 4399 ad
635 4351 689 4398 nos
701 4332 800 4400 tenire
810 4327 950 4402 sotebant.
1189 4333 1193 4342 ’

1236 4492 1242 4500 ,
1289 4423 1407 4496 Vsstrae

253 3518 329 3586 mgr
368 3498 370 3501 ’

212 3588 349 3665 brusts
