2925 4900
137 227 1019 368 ·num-ouinrnbonnnc’rnntn
1231 289 1306 364 1327
1408 249 1411 254 ’

153 411 157 422 ·
203 411 250 482 rs
265 409 333 482 ortt
354 415 478 501 nasum·
494 409 851 497 consummemus
869 413 1037 478 ananum
1119 482 1124 489 ,
1178 395 1183 411 ”

67 583 78 602 n
144 531 340 610 Ethelbertus
350 563 409 606 non
418 542 509 624 longe
520 521 669 610 {civitate
679 535 890 617 Doruberuia‚¹
898 537 930 622 id
942 518 994 612 eil,
1007 530 1139 606 hostium

100 633 213 711 horrei,
229 629 379 701 ecclcfiam
394 619 597 712 apostolorum
611 615 695 716 Petri
709 626 740 688 dt
753 620 844 703 Ponti
856 620 1035 698 construxit.
1092 651 1099 666 ·

147 710 663 799 Merwaldus‘rutWetlangtorum.
1057 764 1059 767 ,

146 813 176 876 A
191 827 323 892 tempore
335 806 510 880 ¹Etlrelberti
524 819 635 884 marty}
644 794 793 894 'perpauci
809 799 892 891 'reges
908 797 1070 888 inEst'ang:
1086 823 1140 890 per

102 915 157 976 40.
174 916 267 960 annos
282 903 491 979 regnaverunt,
514 891 613 956 donec
628 891 660 955 S.
677 887 868 967 eomundus,
885 889 952 953 ‘&c.

298 1006 361 1044 thius
778 1001 782 1006 ’

146 1062 201 1127 lda
215 1063 325 1128 comite
350 1077 435 1147 patre
460 1061 565 1144 Eoppa
589 1041 659 1122 curn
676 1053 726 1122 6o.
752 1057 879 1124 navibus
902 1055 941 1120 ad
965 1057 1140 1147 Flanbutgh

101 1154 194 1227 venit,
234 1152 372 1257 indeque.
394 1148 530 1218 boreales
553 1163 650 1234 portes
681 1151 833 1230 ocdupuus
860 1146 975 1215 ibidem
1006 1150 1141 1241 regnavit
1169 1206 1174 1215 .

109 1259 160 1306 12.
180 1260 278 1304 annis.

180 1380 231 1440 Ex
246 1376 318 1442 libro
332 1377 441 1442 incerti
454 1374 569 1438 automr
582 1369 617 1436 de
635 1372 767 1454 episcopis
783 1369 1076 1458 Lindity'arnenstlus.
1153 1396 1281 1467 Papae.

147 1486 478 1558 nexoswaldussanno
492 1511 557 1574 regt
573 1485 618 1560 sui
638 1506 668 1552 2.
692 1488 819 1569 Domini
841 1484 941 1556 autem
958 1491 1035 1579 ⁶35·
1059 1491 1143 1557 dedit

103 1581 225 1646 Aidano
241 1583 348 1648 Scotto
360 1577 459 1644 sedem
473 1575 600 1662 episcop:
616 1577 649 1639 in
664 1573 868 1641 Lindisfame.

147 1669 285 1733 Aidcnus
299 1667 411 1733 ibidem
426 1665 595 1730 construxit
610 1662 833 1728 monasterium.
1121 1733 1130 1753 s

147 1760 248 1840 Caput
262 1757 293 1820 dc
307 1755 430 1820 brachia
444 1751 577 1818 oswaldi
591 1747 706 1839 sepulta
722 1753 754 1815 in
770 1748 972 1820 Lindisfame.
1080 1783 1083 1788 ’

147 1844 285 1910 Aidanus
299 1845 413 1930 peregit
427 1844 459 1906 in
481 1839 610 1927 episcopt
627 1861 720 1904 annos
740 1858 789 1919 17·
877 1924 880 1928 A

150 1935 182 1996 S.
214 1931 409 1997 Cuthbettus
429 1931 549 2013 juvenis
568 1925 734 1996 custodium
757 1949 901 2013 pecorum
921 1927 1028 1998 habuit
1050 1935 1140 2014 juxta

105 2021 209 2084 Loder
223 2021 280 2086 flu=
296 2023 327 2088 in
341 2021 495 2087 montibus
509 2018 588 2082 altis.

148 2111 279 2173 finanus
291 2105 575 2192 Scottusepiscopus
585 2103 752 2171 Lindisfar:
768 2103 933 2169 construxit
945 2107 1094 2174 ecclesiam
1110 2111 1142 2172 in

107 2193 272 2271 Lindissar:
285 2217 375 2280 quam
387 2196 571 2284 Theodorus
587 2193 825 2298 archiepiscopus
840 2197 985 2258 Cantuar:
1002 2197 1032 2258 in
1048 2197 1140 2261 hono·
1242 2262 1246 2270 ,

106 2304 171 2349 rem
184 2284 307 2349 Petri&
319 2283 406 2350 Pauli
420 2281 608 2352 consecravit.
653 2285 741 2346 erit
754 2301 847 2344 annos
866 2301 917 2348 to.
933 2285 965 2347 in
979 2281 1066 2369 episc:

151 2372 337 2453 Colmannus
351 2373 474 2438 Scottus
488 2369 642 2456 episcopus
657 2367 823 2434 Lindisfar:

151 2464 246 2613 sm
263 2464 385 2527 Scottus
411 2458 566 2548 episcopus
581 2459 745 2525 Lindissat:
762 2458 842 2545 pelle
856 2458 933 2524 obiit
944 2480 979 2524 ·1.
1005 2482 1084 2525 anno
1098 2459 1144 2526 sui

106 2570 238 2614 erco:
1117 2572 1119 2575 ’

124 2570 1143 2725 ΡΕαῑΞορὶἷςορυε[ἰηᾶἱεῖαῑεδιΗεςιιῆεῐάεῃΐιεεκυΙαηῐεΨῑΙῑτῐᾶο.

150 2726 317 2790 Tunberto
344 2725 445 2810 postea
469 2722 618 2803 adsedem
634 2721 848 2809 Hngustaldcnt
870 2746 923 2809 per
943 2726 1143 2789 Theodorum

105 2810 359 2897 archiepiscopum
373 2812 539 2894 destgnato‚
561 2816 636 2877 Eata
647 2814 679 2875 in
692 2810 753 2876 sola
767 2810 834 2877 sede
845 2811 1079 2878 Lindisfarnensr
1090 2835 1143 2898 per

84 2938 87 2941 ·
103 2921 141 2980 4.
157 2900 260 2985 polica
274 2922 367 2973 annos
381 2898 554 2987 supervixit
599 2956 604 2963 .

153 2989 339 3057 Cuthbertus
363 2991 394 3055 in
419 2986 536 3072 synodo
559 2986 641 3071 apud
661 2986 822 3053 Twisorde
839 2990 928 3071 juxta
942 2989 1020 3053 Alnc
1043 2990 1099 3053 flu:
1124 2988 1290 3052 iTwiforde.

108 3076 276 3145 Theodoro
304 3075 522 3162 archiepiscopo
548 3078 694 3151 Cantuars
727 3078 759 3139 in
781 3074 951 3159 episcopum
977 3078 1140 3141 Lindisfar:

108 3164 223 3229 electus
239 3160 290 3231 est.
335 3170 409 3253 Qo
425 3180 557 3251 tempore
575 3160 767 3251 praesulatum
782 3163 1043 3250 Hagullaldensem
1058 3189 1143 3233 recu·
1248 3207 1250 3212 -

106 3250 190 3317 savit.
235 3246 370 3323 Vacibe't
389 3253 469 3317 enim
491 3250 573 3317 sedes
591 3253 643 3315 illa
665 3252 801 3338 deposito
817 3255 1000 3318 Tumberto.
1044 3258 1145 3341 Qare

107 3344 184 3404 Eata
198 3338 354 3428 episcopus
367 3338 531 3406 Lindisfar:
544 3342 716 3405 Cuthberto
730 3341 821 3420 cellit,
844 3358 966 3427 accepto
978 3346 1144 3409 Tumberti
1246 3378 1248 3380 ·

107 3429 303 3515 pontificato.

237 3537 239 3545 ’
263 3542 321 3604 Supt
334 3536 468 3589 cuthberto

153 3606 249 3671 Dedit
263 3609 289 3670 ei
306 3628 358 3673 tex
378 3606 520 3671 chridus
534 3605 566 3670 in
586 3607 705 3671 civitate
725 3608 895 3690 Eboraco'i
912 3628 1001 3672 muro
1017 3610 1143 3673 ecclesrae

109 3696 143 3760 S.
158 3690 240 3763 Petri
255 3684 349 3781 usque
374 3696 413 3757 ad
437 3714 576 3779 magnam
593 3714 709 3779 portam
724 3696 824 3761 versus
844 3698 1042 3774 occidentem,
1077 3701 1106 3761 u
1129 3701 1145 3761 i

109 3804 200 3847 muro
214 3782 304 3869 ipsrus
318 3782 445 3849 ecclesrae
458 3780 602 3868 usquead
614 3804 735 3848 murum
750 3785 878 3850 civitatis
889 3782 989 3848 versus
1000 3786 1144 3850 austrum.
1273 3808 1278 3817 ·

111 3872 222 3935 Villam
236 3892 361 3956 quoque
376 3876 511 3948 Cretam,
536 3871 566 3935 dt
591 3874 649 3935 tria
663 3874 694 3935 in
708 3875 836 3937 circuitu
861 3873 1007 3950 milliaria,
1032 3894 1066 3937 ut
1081 3878 1225 3955 iedscreca
1239 3898 1309 3953 suls
1345 3945 1354 3961 ,

25 3996 28 4003 1
111 3960 282 4024 Eboracum
310 3959 360 4022 vel
388 3961 504 4029 retliche
534 3958 657 4023 haberet
686 3962 866 4025 mansionem
889 3962 943 4025 ubi
962 3961 1145 4047 requiescere

109 4046 216 4135 posset,
240 4049 292 4112 ubi
307 4048 523 4111 monachorum
539 4042 694 4113 stationem
709 4046 845 4115 instituit.

158 4137 197 4197 Et
218 4138 290 4219 quia
311 4137 362 4199 illa
381 4150 459 4199 terra
473 4138 571 4201 minus
585 4131 732 4200 sufficiens
746 4156 819 4213 erat,
843 4137 1054 4223 Lugubaliam,
1078 4159 1147 4222 quae

111 4220 196 4285 Lticl'
207 4240 341 4301 vocatur,
364 4224 536 4287 incircuitu
558 4244 569 4285 1
577 4243 607 4308 ς.
631 4225 765 4289 milliaria
780 4227 938 4289 habentem
954 4228 986 4289 in
1001 4248 1145 4311 augmen·

111 4324 178 4373 turn
206 4303 343 4395 suscepit,
373 4312 430 4375 ubi
456 4310 731 4380 Sunslinronia'lium
761 4315 989 4399 congregatione
1017 4312 1146 4379 stabilita

111 4400 247 4549 pepinum
261 4390 462 4466 deto'habitu
479 4394 626 4487 religionis
641 4399 832 4499 consecrarit,
854 4404 883 4465 ἃ
903 4399 1020 4466 scholas
1035 4404 1147 4469 ibidem
1215 4434 1218 4439 f

124 4506 141 4548 n
169 4501 212 4551 ttu
228 4502 248 4551 t.
1106 4500 1149 4554 At
