2925 4900
226 267 291 350 664
513 321 520 335 2
541 269 589 332 De
602 269 695 334 Rebus
711 268 884 354 Anglaanis
896 267 1034 352 opuscula
1051 269 1156 334 Varia.

350 418 380 468 et
394 403 605 488 baptizandam
621 403 805 466 obtulerunt.
854 405 894 463 Et
909 397 1121 484 consequenter
1143 397 1260 463 ibidem
1285 397 1329 461 ad
1354 412 1388 460 et

348 493 436 576 juxta
466 493 730 573 interrogationem
763 489 837 552 dieii
862 489 1028 550 Reverendi
1059 489 1164 563 Patris,
1202 484 1387 548 sciscitantis

352 602 417 666 quo
432 583 553 644 nomine
568 577 644 640 dista
659 576 759 641 infans
773 577 978 660 appellaretur,
993 576 1176 639 Elizabethae
1192 572 1257 637 sibi·
1268 595 1388 656 nomeu

354 671 540 732 concorditer
552 663 761 748 imposuerunt
773 682 802 726 et
813 665 970 726 dederunt.
983 664 1104 748 Qibus
1113 662 1152 726 fic
1167 661 1269 746 gellis,
1281 661 1389 724 dietus

355 749 1389 832 ReverendusPaterdislamlnsantulampernomenElizabethaejux·

341 869 344 879 ·
358 861 387 906 ta
397 841 613 924 impositionem
627 840 781 902 diuorum
796 839 1034 908 Reverendillimi
1045 840 1139 901 Patris
1154 835 1391 920 Archiepiscopi

356 930 490 1002 Patrimi
514 945 543 990 et
560 929 692 991 Duceslae
708 949 740 988 ac
755 928 969 990 Marchionissae
984 929 1194 988 Matrimarum
1216 947 1308 987 more
1331 927 1390 985 Ec-

358 1017 451 1082 clesiae
478 1013 563 1078 solito
589 1015 789 1090 catechizavit,
820 1017 1011 1088 exorcizavit,
1044 1035 1078 1076 ac
1108 1015 1216 1082 deinde
1241 1012 1390 1074 adhibitis

360 1105 417 1189 piis
432 1103 612 1190 ceremoniis,
635 1120 665 1164 et
684 1101 879 1177 orationibus,
896 1123 930 1164 ac
946 1102 1201 1164 admonitionibus
1218 1104 1297 1163 circa
1312 1102 1391 1181 bap-

362 1193 547 1254 tizandoium
565 1191 824 1253 catechizationem
839 1192 976 1258 adhiberi
998 1205 1029 1251 et
1049 1191 1107 1251 dici
1130 1185 1234 1264 solida,
1258 1188 1390 1250 eandem

363 1279 540 1343 infantulam
558 1282 586 1341 iii
604 1300 707 1340 navem
724 1276 860 1341 Ecclesiae
881 1279 1094 1340 conventualis
1118 1278 1270 1357 praedislae
1293 1273 1391 1359 iisque

312 1419 315 1426 .
364 1367 400 1430 ad
416 1366 530 1429 sontem
542 1365 762 1450 baptismalem,
786 1366 824 1426 ad
840 1366 1046 1449 baptizandam
1061 1366 1185 1430 eandem
1200 1362 1390 1426 Infantulam

365 1456 476 1518 ibidem
491 1449 576 1517 mor‘e
591 1458 687 1537 Regio
709 1453 863 1537 splendide
887 1453 1014 1515 eredlam
1037 1472 1067 1514 et
1091 1471 1227 1513 ornatam
1250 1454 1283 1522 in
1310 1452 1390 1517 ulnis

364 1543 453 1606 didiae
465 1545 603 1608 Dominae
618 1543 747 1605 Ducislae
758 1540 855 1604 Norff.
875 1543 1014 1616 delatam,
1037 1561 1121 1601 more
1132 1539 1271 1602 Ecclesiae
1287 1539 1390 1600 debito

364 1653 418 1716 per
433 1630 547 1693 dietum
574 1651 682 1692 nomen
703 1629 860 1691 Elizabeth
880 1630 916 1691 ad
943 1628 1014 1690 dieti
1036 1626 1281 1689 Reverendiffimi
1296 1627 1389 1688 Patris

366 1719 500 1791 Patrimi,
523 1734 551 1778 et
568 1717 713 1778 distarem
730 1719 931 1779 Dominarum
944 1715 1072 1778 Ducislae
1086 1713 1184 1781 Norff.
1207 1732 1239 1776 et
1258 1715 1389 1776 Marchi·

367 1805 468 1868 oiiissae
493 1801 621 1871 Dorset:
656 1805 939 1866 Commatrimarum
955 1803 1153 1887 Sponfionem
1175 1796 1389 1864 fidem‘Chrisli

368 1894 432 1958 vice
447 1907 475 1954 et
491 1893 612 1954 nomine
622 1889 752 1971 ejusdem
763 1890 920 1954 infantula
935 1891 1074 1974 expressae
1090 1889 1310 1974 profitentium,
1335 1891 1389 1951 hiis

368 1980 479 2042 verbis.
503 1983 571 2062 Ego
584 1978 704 2062 baptizo
727 1994 761 2040 te
778 1981 809 2053 in
835 1981 954 2043 nomine
969 1981 1083 2053 Pariis,
1105 1979 1182 2054 Filii,
1212 1994 1244 2040 et
1265 1979 1390 2062 Spiritus

372 2065 483 2140 Sandii,
507 2070 615 2129 Amen.
661 2067 838 2148 Baptizavit.
883 2067 1003 2151 Qiibus
1027 2067 1067 2128 fic
1087 2067 1177 2128 modo
1197 2085 1262 2148 quo
1278 2062 1389 2148 prosei-

372 2171 434 2217 tur··
453 2155 610 2236 expeditis,
649 2151 881 2238 circumspectus
915 2157 962 2218 vir
991 2155 1075 2218 Tho.
1096 2155 1300 2241 Wiiothesley
1325 2153 1390 2214 alias
1454 2176 1456 2213 i

373 2246 483 2306 Garter
500 2245 566 2304 Rex
593 2253 744 2305 armorum
759 2242 938 2324 Anglornm,
964 2262 1083 2316 nomen,
1109 2241 1234 2304 titulum
1248 2257 1281 2304 et
1295 2241 1390 2324 digni·

374 2325 466 2392 tatem
481 2328 726 2412 ipsius-Dominae
749 2330 929 2394 Elizabetliae
951 2330 1064 2392 ibidem
1080 2329 1199 2412 publice
1211 2345 1242 2391 et
1257 2325 1391 2390 solemni·

373 2435 419 2493 ter
434 2421 464 2481 in
480 2417 595 2501 vulgari
612 2418 784 2500 publicavit,
797 2435 827 2480 et
841 2437 879 2480 ex
890 2415 1001 2500 scripto
1010 2417 1170 2479 declaravit
1184 2413 1240 2480 sub
1256 2417 1315 2479 hiis
1327 2436 1392 2501 quai

374 2504 539 2587 sequnntur
562 2506 670 2580 verbis,
695 2508 752 2567 viz.
777 2506 847 2572 God
862 2504 899 2566 of
910 2507 956 2567 his
970 2505 1087 2568 infinite
1101 2509 1200 2567 Grace
1213 2506 1275 2567 and
1289 2504 1391 2567 Good·

260 2592 263 2613 ⁵
374 2594 451 2656 nesse
465 2614 538 2674 geve
552 2593 609 2653 and
624 2590 693 2653 send
706 2593 788 2675 good
804 2591 882 2674 Lyfe
896 2594 953 2655 and
968 2592 1057 2675 longe
1072 2609 1103 2654 to
1119 2592 1170 2655 the
1180 2593 1283 2677 Right
1298 2593 1393 2675 Highe
1454 2657 1455 2674 χ

375 2681 434 2743 and
450 2680 544 2765 Right
561 2680 716 2743 Excellent
731 2680 874 2743 Princesle
895 2678 933 2742 of
958 2680 1093 2761 England
1111 2680 1164 2742 the
1183 2680 1281 2743 Ladie
1301 2683 1391 2743 Eliza·
1454 2679 1456 2754 i

377 2768 461 2835 beth.
506 2772 556 2831 A'c
575 2766 784 2851 consequenter
808 2769 872 2849 post
897 2768 1041 2849 premissa,
1063 2768 1226 2836 nonnullas
1250 2771 1392 2831 orationes
1454 2775 1455 2836 i

374 2870 409 2921 ‘et
423 2848 601 2919 ceremonias
617 2856 654 2917 ad
671 2859 817 2918 siimmum
834 2858 924 2917 altare
939 2856 1027 2942 didiae
1042 2855 1180 2917 Ecclehae
1193 2852 1283 2937 super
1297 2852 1392 2936 hujus·
1454 2865 1456 2966 p

281 2947 287 2955 ’
343 3000 345 3005 χ
378 2946 462 3027 modi
481 2944 627 3007 infantula
642 2943 740 3008 didius
759 2944 949 3012 Reverendus
972 2947 1057 3007 Pater
1081 2940 1246 3025 Episcopus
1268 2944 1393 3006 London

379 3030 513 3115 perfusit.
561 3034 656 3112 Super
677 3032 788 3113 quibus
803 3034 940 3098 omnibus
955 3047 984 3092 et
1000 3030 1120 3113 hiigiilis
1135 3031 1234 3092 didius
1247 3034 1393 3093 Revereri·
1454 3039 1455 3044 ’

380 3118 513 3189 dissimiis
535 3121 621 3180 Pater
637 3120 782 3179 Patriinus
805 3137 835 3187 er
851 3135 1055 3200 praepotentes
1078 3120 1241 3199 Principes,
1272 3120 1395 3180 Domini
1454 3105 1455 3176 i

381 3208 473 3281 Tho·¹
483 3204 579 3269 Noiss.
596 3222 625 3267 et
637 3207 763 3267 Carolus
775 3204 849 3267 soff.
869 3211 979 3280 Duces,
997 3226 1029 3267 ac
1045 3204 1191 3270 clarissimi
1206 3207 1262 3266 viri
1276 3208 1395 3270 Domini

374 3296 467 3373 fibo,
479 3291 613 3365 ⁴Dorset:
640 3296 677 3354 Et
695 3294 839 3355 Henricus
858 3298 957 3356 Eiron.
982 3296 1182 3368 marchiones,
1205 3309 1236 3355 et
1256 3296 1397 3379 Henricut

380 3376 477 3453 Esses,
502 3383 644 3452 Hernicus
671 3383 808 3465 Wigoin,
835 3393 869 3443 'et
895 3385 925 3442 T
931 3382 980 3448 lio.
1007 3382 1123 3443 Wilton
1148 3381 1293 3443 Comites.
1338 3385 1397 3445 Nec

270 3465 274 3472 ’
381 3490 442 3539 non
472 3470 621 3549 Georgius
649 3470 822 3529 Vicecomes
858 3468 1041 3544 Rochesord,
1073 3486 1164 3551 arque
1193 3468 1319 3530 Nobiles
1346 3471 1396 3532 viri

383 3558 532 3643 jhoannes
557 3555 674 3635 Htisley,
700 3573 729 3616 et
756 3555 841 3617 Tlio.
869 3558 1011 3639 Borough
1033 3560 1171 3640 Baiones,
1194 3578 1228 3616 ac
1251 3560 1306 3619 W.
1322 3558 1395 3619 fitz·

383 3641 506 3707 william
530 3642 757 3731 Thelaiiiaiius,
791 3663 821 3705 et
845 3649 894 3705 W,
910 3646 1022 3705 Pawlet
1038 3645 1301 3706 contaminabant
1326 3644 1395 3707 Hos«

384 3735 449 3817 pitii
466 3732 538 3793 disti
557 3734 686 3791 Domini
711 3730 801 3794 nostri
826 3734 916 3814 Regis
939 3733 1062 3804 Milites,
1086 3732 1220 3812 aclTbo.
1239 3732 1396 3795 Cromwell

383 3822 523 3901 Armiger
541 3819 688 3894 Jocaliiiin
725 3818 838 3879 domini
873 3818 963 3880 nostri
989 3820 1079 3903 Regis
1111 3817 1271 3901 Magister,
1299 3836 1329 3882 et
1353 3842 1397 3882 me

350 3966 352 3974 ,
383 3902 622 3982 Proiniiotaiinm
648 3903 852 3987 subscriptum,
877 3928 970 3968 unuin
992 3910 1036 3968 rel
1062 3906 1147 3990 plura
1173 3906 1332 3988 publicum
1353 3906 1396 3970 sen

382 3996 499 4077 publica
521 3992 748 4055 iiisiiumentuin
772 3994 830 4055 sire
852 3994 1043 4057 instrumenta
1066 3995 1172 4055 exinde
1189 3994 1344 4069 conficere,
1368 4017 1398 4057 ac

274 4146 277 4155 ,
382 4080 495 4145 ditium
512 4083 718 4149 Reveiendum
745 4085 864 4150 Patrem
885 4086 925 4144 D.
947 4086 1111 4165 Johnn'nem
1135 4085 1190 4163 Ep.
1208 4084 1349 4156 London‚
1372 4100 1398 4146 et

361 4169 558 4231 'venerabiies
583 4171 683 4237 Patres
705 4169 838 4231 Abbates
852 4186 1041 4246 memoratos,
1065 4191 1119 4232 nec
1143 4190 1205 4231 non
1230 4166 1399 4253 spesiabiles

376 4259 455 4319 viros
468 4258 648 4335 Stephanum
658 4258 770 4323 Pecocli
778 4259 1052 4320 Civitatistondon·
1059 4273 1228 4338 praetorem,
1236 4259 1398 4336 johannem

265 4412 266 4417 ,
376 4342 662 4431 altinatis-halaam
671 4345 1298 4436 Dodnier,lt⁷.tioltydetilliresjolimnem
1307 4345 1398 4407 Hasd,

1325 4435 1399 4528 nge,

1451 4607 1456 4642 i

1345 4821 1353 4843 δ
1451 4648 1456 4871 1
