<?xml version="1.0" encoding="UTF-8"?>
<!DOCTYPE html PUBLIC "-//W3C//DTD XHTML 1.0 Transitional//EN"
    "http://www.w3.org/TR/xhtml1/DTD/xhtml1-transitional.dtd">
<html xmlns="http://www.w3.org/1999/xhtml" xml:lang="en" lang="en">
 <head>
  <title>
</title>
<meta http-equiv="Content-Type" content="text/html;charset=utf-8" />
  <meta name='ocr-system' content='tesseract 3.04.00' />
  <meta name='ocr-capabilities' content='ocr_page ocr_carea ocr_par ocr_line ocrx_word'/>
</head>
<body>
  <div class='ocr_page' id='page_1' title='image "./joannislelandia13lelagoog_0074.png"; bbox 0 0 2925 4900; ppageno 0'>
   <div class='ocr_carea' id='block_1_1' title="bbox 195 249 1207 338">
    <p class='ocr_par' dir='ltr' id='par_1_1' title="bbox 195 249 1207 338">
     <span class='ocr_line' id='line_1_1' title="bbox 195 249 1207 338; baseline 0.007 -23"><span class='ocrx_word' id='word_1_1' title='bbox 195 253 261 338; x_wconf 83' lang='lat'>364</span> <span class='ocrx_word' id='word_1_2' title='bbox 494 249 1207 333; x_wconf 63' lang='lat' dir='ltr'>‘&#39;JOANNISLELANDI</span> 
     </span>
    </p>
   </div>
   <div class='ocr_carea' id='block_1_2' title="bbox 461 378 1284 560">
    <p class='ocr_par' dir='ltr' id='par_1_2' title="bbox 461 378 1284 560">
     <span class='ocr_line' id='line_1_2' title="bbox 461 378 1284 474; baseline 0.015 -27"><span class='ocrx_word' id='word_1_3' title='bbox 461 386 603 449; x_wconf 77' lang='lat' dir='ltr'>Diximus</span> <span class='ocrx_word' id='word_1_4' title='bbox 618 402 654 448; x_wconf 91' lang='lat' dir='ltr'>nt</span> <span class='ocrx_word' id='word_1_5' title='bbox 668 386 785 459; x_wconf 88' lang='lat' dir='ltr'>dudum</span> <span class='ocrx_word' id='word_1_6' title='bbox 802 378 902 463; x_wconf 88' lang='lat' dir='ltr'>Petro,</span> <span class='ocrx_word' id='word_1_7' title='bbox 928 408 997 471; x_wconf 79' lang='lat' dir='ltr'>quae</span> <span class='ocrx_word' id='word_1_8' title='bbox 1011 390 1111 474; x_wconf 80' lang='lat' dir='ltr'>gignit</span> <span class='ocrx_word' id='word_1_9' title='bbox 1122 390 1235 459; x_wconf 82' lang='lat' dir='ltr'>odores</span> <span class='ocrx_word' id='word_1_10' title='bbox 1280 408 1284 414; x_wconf 88' lang='grc'><em>“</em></span> 
     </span>
     <span class='ocr_line' id='line_1_3' title="bbox 463 472 1135 560; baseline 0.012 -24"><span class='ocrx_word' id='word_1_11' title='bbox 463 476 625 550; x_wconf 85' lang='lat' dir='ltr'>Praemites,</span> <span class='ocrx_word' id='word_1_12' title='bbox 649 472 751 538; x_wconf 79' lang='lat' dir='ltr'>statuit</span> <span class='ocrx_word' id='word_1_13' title='bbox 766 474 890 538; x_wconf 87' lang='lat' dir='ltr'>coelestis</span> <span class='ocrx_word' id='word_1_14' title='bbox 904 479 1000 560; x_wconf 84' lang='lat' dir='ltr'>gratia</span> <span class='ocrx_word' id='word_1_15' title='bbox 1015 479 1135 544; x_wconf 79' lang='lat' dir='ltr'>Christi.</span> 
     </span>
    </p>
   </div>
   <div class='ocr_carea' id='block_1_3' title="bbox 197 642 1203 733">
    <p class='ocr_par' dir='ltr' id='par_1_3' title="bbox 197 642 1203 733">
     <span class='ocr_line' id='line_1_4' title="bbox 197 642 1203 733; baseline 0.015 -29"><span class='ocrx_word' id='word_1_16' title='bbox 197 642 409 719; x_wconf 63' lang='lat' dir='ltr'>Ultassffl0⁰³⁰hJ¹⁵</span> <span class='ocrx_word' id='word_1_17' title='bbox 464 654 490 712; x_wconf 85' lang='lat' dir='ltr'><strong>E</strong></span> <span class='ocrx_word' id='word_1_18' title='bbox 507 651 619 732; x_wconf 84' lang='lat' dir='ltr'>quibus</span> <span class='ocrx_word' id='word_1_19' title='bbox 634 651 674 713; x_wconf 88' lang='lat' dir='ltr'>est</span> <span class='ocrx_word' id='word_1_20' title='bbox 691 653 784 713; x_wconf 83' lang='lat' dir='ltr'>Ultnn</span> <span class='ocrx_word' id='word_1_21' title='bbox 805 651 946 733; x_wconf 63' lang='lat' dir='ltr'>preclaro</span> <span class='ocrx_word' id='word_1_22' title='bbox 969 654 1088 715; x_wconf 80' lang='lat' dir='ltr'>nornine</span> <span class='ocrx_word' id='word_1_23' title='bbox 1103 652 1203 719; x_wconf 73' lang='lat' dir='ltr'>didus</span> 
     </span>
    </p>
   </div>
   <div class='ocr_carea' id='block_1_4' title="bbox 196 709 1218 839">
    <p class='ocr_par' dir='ltr' id='par_1_4' title="bbox 196 709 1218 839">
     <span class='ocr_line' id='line_1_5' title="bbox 196 709 1218 839; baseline 0.001 -33"><span class='ocrx_word' id='word_1_24' title='bbox 196 709 410 839; x_wconf 41' lang='lat' dir='ltr'>{330}kaprOE</span> <span class='ocrx_word' id='word_1_25' title='bbox 466 740 631 818; x_wconf 84' lang='lat' dir='ltr'>Presbyter.</span> <span class='ocrx_word' id='word_1_26' title='bbox 677 739 732 801; x_wconf 83' lang='lat' dir='ltr'>Iste</span> <span class='ocrx_word' id='word_1_27' title='bbox 748 739 806 801; x_wconf 78' lang='lat' dir='ltr'>suit</span> <span class='ocrx_word' id='word_1_28' title='bbox 823 746 993 802; x_wconf 73' lang='lat' dir='ltr'>Scottorum</span> <span class='ocrx_word' id='word_1_29' title='bbox 1010 758 1097 823; x_wconf 76' lang='lat' dir='ltr'>gente</span> <span class='ocrx_word' id='word_1_30' title='bbox 1113 746 1218 808; x_wconf 79' lang='lat' dir='ltr'>beatus</span> 
     </span>
    </p>
   </div>
   <div class='ocr_carea' id='block_1_5' title="bbox 197 828 1157 910">
    <p class='ocr_par' dir='ltr' id='par_1_5' title="bbox 197 828 1157 910">
     <span class='ocr_line' id='line_1_6' title="bbox 197 828 1157 910; baseline 0.005 -21"><span class='ocrx_word' id='word_1_31' title='bbox 197 840 253 890; x_wconf 77' lang='lat' dir='ltr'>libr:</span> <span class='ocrx_word' id='word_1_32' title='bbox 266 842 382 905; x_wconf 81' lang='lat' dir='ltr'>optimus.</span> <span class='ocrx_word' id='word_1_33' title='bbox 468 829 604 909; x_wconf 76' lang='lat' dir='ltr'>Comptis</span> <span class='ocrx_word' id='word_1_34' title='bbox 619 828 673 909; x_wconf 84' lang='lat' dir='ltr'>qui</span> <span class='ocrx_word' id='word_1_35' title='bbox 693 831 793 910; x_wconf 87' lang='lat' dir='ltr'>potuit</span> <span class='ocrx_word' id='word_1_36' title='bbox 810 830 888 889; x_wconf 80' lang='lat' dir='ltr'>notis</span> <span class='ocrx_word' id='word_1_37' title='bbox 911 850 1015 891; x_wconf 78' lang='lat' dir='ltr'>ornare</span> <span class='ocrx_word' id='word_1_38' title='bbox 1031 832 1157 894; x_wconf 71' lang='lat' dir='ltr'>libertos.</span> 
     </span>
    </p>
   </div>
   <div class='ocr_carea' id='block_1_6' title="bbox 388 1002 1267 1177">
    <p class='ocr_par' dir='ltr' id='par_1_6' title="bbox 388 1002 1267 1177">
     <span class='ocr_line' id='line_1_7' title="bbox 464 1002 1258 1090; baseline 0.008 -26"><span class='ocrx_word' id='word_1_39' title='bbox 464 1003 548 1064; x_wconf 81' lang='lat' dir='ltr'>Alter</span> <span class='ocrx_word' id='word_1_40' title='bbox 563 1019 625 1088; x_wconf 75' lang='lat' dir='ltr'>erut</span> <span class='ocrx_word' id='word_1_41' title='bbox 639 1002 729 1067; x_wconf 84' lang='lat' dir='ltr'>frater</span> <span class='ocrx_word' id='word_1_42' title='bbox 744 1006 889 1090; x_wconf 82' lang='lat' dir='ltr'>Fridegiis</span> <span class='ocrx_word' id='word_1_43' title='bbox 905 1007 1082 1089; x_wconf 76' lang='lat' dir='ltr'><strong>cognomine</strong></span> <span class='ocrx_word' id='word_1_44' title='bbox 1096 1005 1196 1073; x_wconf 67' lang='lat' dir='ltr'>dietus</span> <span class='ocrx_word' id='word_1_45' title='bbox 1256 1048 1258 1051; x_wconf 93' lang='lat'><em>-</em></span> 
     </span>
     <span class='ocr_line' id='line_1_8' title="bbox 388 1093 1267 1177; baseline 0.008 -23"><span class='ocrx_word' id='word_1_46' title='bbox 388 1133 392 1143; x_wconf 90' lang='lat'>-</span> <span class='ocrx_word' id='word_1_47' title='bbox 462 1093 627 1174; x_wconf 72' lang='lat' dir='ltr'>Presbyter,</span> <span class='ocrx_word' id='word_1_48' title='bbox 651 1113 742 1177; x_wconf 83' lang='lat' dir='ltr'>arque</span> <span class='ocrx_word' id='word_1_49' title='bbox 758 1095 814 1155; x_wconf 90' lang='lat' dir='ltr'>deo</span> <span class='ocrx_word' id='word_1_50' title='bbox 829 1114 905 1177; x_wconf 78' lang='lat' dir='ltr'>pura</span> <span class='ocrx_word' id='word_1_51' title='bbox 919 1113 989 1157; x_wconf 88' lang='lat' dir='ltr'>cum</span> <span class='ocrx_word' id='word_1_52' title='bbox 1003 1109 1103 1164; x_wconf 86' lang='lat' dir='ltr'>mente</span> <span class='ocrx_word' id='word_1_53' title='bbox 1117 1094 1267 1162; x_wconf 85' lang='lat' dir='ltr'>sacerdos.</span> 
     </span>
    </p>
   </div>
   <div class='ocr_carea' id='block_1_7' title="bbox 91 1236 1229 1364">
    <p class='ocr_par' dir='ltr' id='par_1_7' title="bbox 91 1236 1229 1364">
     <span class='ocr_line' id='line_1_9' title="bbox 91 1236 1229 1364; baseline -0.001 -26"><span class='ocrx_word' id='word_1_54' title='bbox 91 1332 96 1338; x_wconf 87' lang='lat'><strong>.</strong></span> <span class='ocrx_word' id='word_1_55' title='bbox 198 1236 412 1364; x_wconf 43' lang='grc' dir='ltr'>ἷζζάςξζῖῗὲἳᾝζ</span> <span class='ocrx_word' id='word_1_56' title='bbox 465 1270 522 1331; x_wconf 89' lang='lat' dir='ltr'>Hic</span> <span class='ocrx_word' id='word_1_57' title='bbox 537 1269 672 1333; x_wconf 61' lang='lat' dir='ltr'>doetrina</span> <span class='ocrx_word' id='word_1_58' title='bbox 687 1266 775 1333; x_wconf 81' lang='lat' dir='ltr'>simul</span> <span class='ocrx_word' id='word_1_59' title='bbox 790 1264 934 1353; x_wconf 66' lang='lat' dir='ltr'>fastisque</span> <span class='ocrx_word' id='word_1_60' title='bbox 951 1290 1003 1353; x_wconf 88' lang='lat' dir='ltr'>per</span> <span class='ocrx_word' id='word_1_61' title='bbox 1017 1270 1120 1336; x_wconf 80' lang='lat' dir='ltr'>omnin</span> <span class='ocrx_word' id='word_1_62' title='bbox 1134 1270 1229 1337; x_wconf 70' lang='lat' dir='ltr'>mirus</span> 
     </span>
    </p>
   </div>
   <div class='ocr_carea' id='block_1_8' title="bbox 143 1359 1206 1446">
    <p class='ocr_par' dir='ltr' id='par_1_8' title="bbox 143 1359 1206 1446">
     <span class='ocr_line' id='line_1_10' title="bbox 143 1359 1206 1446; baseline 0.002 -24"><span class='ocrx_word' id='word_1_63' title='bbox 143 1428 148 1436; x_wconf 60' lang='grc'>,</span> <span class='ocrx_word' id='word_1_64' title='bbox 198 1380 391 1439; x_wconf 61' lang='lat' dir='ltr'>imvirdortus.</span> <span class='ocrx_word' id='word_1_65' title='bbox 465 1360 593 1435; x_wconf 91' lang='lat' dir='ltr'>Enituir,</span> <span class='ocrx_word' id='word_1_66' title='bbox 619 1377 728 1446; x_wconf 74' lang='lat' dir='ltr'>magna</span> <span class='ocrx_word' id='word_1_67' title='bbox 745 1360 921 1422; x_wconf 87' lang='lat' dir='ltr'>meritorum</span> <span class='ocrx_word' id='word_1_68' title='bbox 943 1359 1039 1444; x_wconf 78' lang='lat' dir='ltr'>gratia</span> <span class='ocrx_word' id='word_1_69' title='bbox 1055 1373 1206 1443; x_wconf 80' lang='lat' dir='ltr'>comptus.</span> 
     </span>
    </p>
   </div>
   <div class='ocr_carea' id='block_1_9' title="bbox 148 1525 1207 1640">
    <p class='ocr_par' dir='ltr' id='par_1_9' title="bbox 148 1525 1207 1640">
     <span class='ocr_line' id='line_1_11' title="bbox 148 1525 1207 1640; baseline -0.011 -27"><span class='ocrx_word' id='word_1_70' title='bbox 148 1583 151 1591; x_wconf 92' lang='lat'>·</span> <span class='ocrx_word' id='word_1_71' title='bbox 196 1525 412 1640; x_wconf 45' lang='grc' dir='ltr'>ξξςξζζζῃξῇεῗξζῐ</span> <span class='ocrx_word' id='word_1_72' title='bbox 467 1533 630 1599; x_wconf 82' lang='lat' dir='ltr'>Cuicuinus</span> <span class='ocrx_word' id='word_1_73' title='bbox 644 1532 694 1599; x_wconf 87' lang='lat' dir='ltr'>hic</span> <span class='ocrx_word' id='word_1_74' title='bbox 707 1532 807 1600; x_wconf 84' lang='lat' dir='ltr'>fuerat</span> <span class='ocrx_word' id='word_1_75' title='bbox 825 1534 966 1621; x_wconf 78' lang='lat' dir='ltr'>genitoris</span> <span class='ocrx_word' id='word_1_76' title='bbox 985 1554 1058 1599; x_wconf 84' lang='lat' dir='ltr'>cura</span> <span class='ocrx_word' id='word_1_77' title='bbox 1072 1549 1207 1601; x_wconf 81' lang='lat' dir='ltr'>vocatur.</span> 
     </span>
    </p>
   </div>
   <div class='ocr_carea' id='block_1_10' title="bbox 147 1673 1389 2676">
    <p class='ocr_par' dir='ltr' id='par_1_10' title="bbox 147 1673 1389 2676">
     <span class='ocr_line' id='line_1_12' title="bbox 191 1673 1309 1792; baseline 0.001 -20"><span class='ocrx_word' id='word_1_78' title='bbox 191 1673 281 1710; x_wconf 56' lang='lat' dir='ltr'>&#39;m</span> <span class='ocrx_word' id='word_1_79' title='bbox 464 1713 568 1775; x_wconf 76' lang='lat' dir='ltr'>Prater</span> <span class='ocrx_word' id='word_1_80' title='bbox 581 1724 644 1773; x_wconf 88' lang='lat' dir='ltr'>erat</span> <span class='ocrx_word' id='word_1_81' title='bbox 661 1711 787 1792; x_wconf 84' lang='lat' dir='ltr'>qnidam</span> <span class='ocrx_word' id='word_1_82' title='bbox 803 1706 909 1773; x_wconf 76' lang='lat' dir='ltr'>sanuae</span> <span class='ocrx_word' id='word_1_83' title='bbox 923 1706 977 1774; x_wconf 91' lang='lat' dir='ltr'>sub</span> <span class='ocrx_word' id='word_1_84' title='bbox 995 1710 1129 1792; x_wconf 85' lang='lat' dir='ltr'>regmine</span> <span class='ocrx_word' id='word_1_85' title='bbox 1148 1700 1229 1778; x_wconf 65' lang='lat' dir='ltr'>cesse</span> <span class='ocrx_word' id='word_1_86' title='bbox 1305 1762 1309 1773; x_wconf 88' lang='lat'><em>.</em></span> 
     </span>
     <span class='ocr_line' id='line_1_13' title="bbox 463 1795 1304 1881; baseline 0.005 -19"><span class='ocrx_word' id='word_1_87' title='bbox 463 1799 520 1862; x_wconf 85' lang='lat' dir='ltr'>Ad·</span> <span class='ocrx_word' id='word_1_88' title='bbox 528 1795 634 1862; x_wconf 87' lang='lat' dir='ltr'>seclum</span> <span class='ocrx_word' id='word_1_89' title='bbox 649 1798 781 1873; x_wconf 80' lang='lat' dir='ltr'>illustris,</span> <span class='ocrx_word' id='word_1_90' title='bbox 802 1798 900 1860; x_wconf 71' lang='lat' dir='ltr'>didius</span> <span class='ocrx_word' id='word_1_91' title='bbox 916 1798 1093 1881; x_wconf 84' lang='lat' dir='ltr'>cognomine</span> <span class='ocrx_word' id='word_1_92' title='bbox 1109 1798 1304 1876; x_wconf 82' lang='lat' dir='ltr'>Merchdeof.</span> 
     </span>
     <span class='ocr_line' id='line_1_14' title="bbox 147 1874 1250 1970; baseline 0.005 -23"><span class='ocrx_word' id='word_1_93' title='bbox 147 1917 149 1926; x_wconf 89' lang='grc'><strong><em>·</em></strong></span> <span class='ocrx_word' id='word_1_94' title='bbox 234 1942 238 1951; x_wconf 90' lang='grc'>,</span> <span class='ocrx_word' id='word_1_95' title='bbox 279 1874 336 1940; x_wconf 58' lang='lat'>¹²³&amp;</span> <span class='ocrx_word' id='word_1_96' title='bbox 350 1888 407 1933; x_wconf 82' lang='lat'>⁵⁰⁷·</span> <span class='ocrx_word' id='word_1_97' title='bbox 463 1890 603 1970; x_wconf 89' lang='lat' dir='ltr'><strong>Cumque</strong></span> <span class='ocrx_word' id='word_1_98' title='bbox 618 1887 670 1948; x_wconf 90' lang='lat' dir='ltr'>diu</span> <span class='ocrx_word' id='word_1_99' title='bbox 687 1887 792 1950; x_wconf 85' lang='lat' dir='ltr'>ceilam</span> <span class='ocrx_word' id='word_1_100' title='bbox 807 1901 987 1949; x_wconf 88' lang='lat' dir='ltr'>memoratus</span> <span class='ocrx_word' id='word_1_101' title='bbox 1003 1884 1102 1967; x_wconf 84' lang='lat' dir='ltr'>pastor</span> <span class='ocrx_word' id='word_1_102' title='bbox 1124 1886 1250 1953; x_wconf 81' lang='lat' dir='ltr'>haberet</span> 
     </span>
     <span class='ocr_line' id='line_1_15' title="bbox 197 1974 1258 2059; baseline 0.005 -23"><span class='ocrx_word' id='word_1_103' title='bbox 197 1978 410 2059; x_wconf 57' lang='lat' dir='ltr'>Mofsnsepurtu-</span> <span class='ocrx_word' id='word_1_104' title='bbox 463 1975 581 2039; x_wconf 76' lang='lat' dir='ltr'>Nobilis</span> <span class='ocrx_word' id='word_1_105' title='bbox 594 1974 728 2057; x_wconf 90' lang='lat' dir='ltr'>eloquio,</span> <span class='ocrx_word' id='word_1_106' title='bbox 752 1976 782 2036; x_wconf 77' lang='lat' dir='ltr'>dr</span> <span class='ocrx_word' id='word_1_107' title='bbox 795 1974 910 2037; x_wconf 77' lang='lat' dir='ltr'>cundiis</span> <span class='ocrx_word' id='word_1_108' title='bbox 924 1974 1110 2037; x_wconf 81' lang='lat' dir='ltr'>venerandus</span> <span class='ocrx_word' id='word_1_109' title='bbox 1125 1975 1156 2037; x_wconf 93' lang='lat' dir='ltr'>in</span> <span class='ocrx_word' id='word_1_110' title='bbox 1172 1975 1258 2055; x_wconf 73' lang='lat' dir='ltr'>attis,</span> 
     </span>
     <span class='ocr_line' id='line_1_16' title="bbox 197 2045 1234 2147; baseline 0.001 -21"><span class='ocrx_word' id='word_1_111' title='bbox 197 2063 224 2096; x_wconf 77' lang='lat'>¹²</span> <span class='ocrx_word' id='word_1_112' title='bbox 235 2045 384 2131; x_wconf 52' lang='grc' dir='ltr'>ΜΨ·</span> <span class='ocrx_word' id='word_1_113' title='bbox 467 2066 625 2145; x_wconf 85' lang='lat' dir='ltr'>Tempore</span> <span class='ocrx_word' id='word_1_114' title='bbox 639 2077 704 2142; x_wconf 74' lang='lat' dir='ltr'>turn</span> <span class='ocrx_word' id='word_1_115' title='bbox 720 2064 824 2145; x_wconf 88' lang='lat' dir='ltr'>plenus</span> <span class='ocrx_word' id='word_1_116' title='bbox 839 2061 951 2147; x_wconf 81' lang='lat' dir='ltr'>linquit</span> <span class='ocrx_word' id='word_1_117' title='bbox 964 2058 1112 2125; x_wconf 86' lang='lat' dir='ltr'>consortia</span> <span class='ocrx_word' id='word_1_118' title='bbox 1126 2066 1234 2142; x_wconf 81' lang='lat' dir='ltr'>carnis,</span> 
     </span>
     <span class='ocr_line' id='line_1_17' title="bbox 465 2148 1153 2234; baseline 0.001 -21"><span class='ocrx_word' id='word_1_119' title='bbox 465 2151 699 2234; x_wconf 85' lang='lat' dir='ltr'>Ingrediturque</span> <span class='ocrx_word' id='word_1_120' title='bbox 713 2148 756 2215; x_wconf 89' lang='lat' dir='ltr'>sui</span> <span class='ocrx_word' id='word_1_121' title='bbox 770 2150 841 2215; x_wconf 82' lang='lat' dir='ltr'>felix</span> <span class='ocrx_word' id='word_1_122' title='bbox 855 2149 892 2213; x_wconf 88' lang='lat' dir='ltr'>ad</span> <span class='ocrx_word' id='word_1_123' title='bbox 907 2150 1018 2234; x_wconf 87' lang='lat' dir='ltr'>gaudia</span> <span class='ocrx_word' id='word_1_124' title='bbox 1032 2148 1153 2215; x_wconf 86' lang='lat' dir='ltr'>Christi.</span> 
     </span>
     <span class='ocr_line' id='line_1_18' title="bbox 467 2237 1291 2323; baseline 0.008 -22"><span class='ocrx_word' id='word_1_125' title='bbox 467 2242 555 2301; x_wconf 89' lang='lat' dir='ltr'>Tum</span> <span class='ocrx_word' id='word_1_126' title='bbox 569 2237 698 2301; x_wconf 86' lang='lat' dir='ltr'>fraterna</span> <span class='ocrx_word' id='word_1_127' title='bbox 711 2240 823 2303; x_wconf 82' lang='lat' dir='ltr'>cohors</span> <span class='ocrx_word' id='word_1_128' title='bbox 834 2238 994 2301; x_wconf 81' lang='lat' dir='ltr'>venerandi</span> <span class='ocrx_word' id='word_1_129' title='bbox 1008 2237 1141 2301; x_wconf 84' lang='lat' dir='ltr'>membra</span> <span class='ocrx_word' id='word_1_130' title='bbox 1156 2242 1291 2323; x_wconf 80' lang='lat' dir='ltr'>parentis</span> 
     </span>
     <span class='ocr_line' id='line_1_19' title="bbox 402 2323 1229 2418; baseline 0.005 -27"><span class='ocrx_word' id='word_1_131' title='bbox 402 2411 404 2418; x_wconf 17' lang='grc' dir='ltr'><strong><em>Α</em></strong></span> <span class='ocrx_word' id='word_1_132' title='bbox 467 2328 607 2392; x_wconf 88' lang='lat' dir='ltr'>Culmine</span> <span class='ocrx_word' id='word_1_133' title='bbox 621 2325 676 2391; x_wconf 88' lang='lat' dir='ltr'>sub</span> <span class='ocrx_word' id='word_1_134' title='bbox 692 2328 795 2413; x_wconf 90' lang='lat' dir='ltr'>templi</span> <span class='ocrx_word' id='word_1_135' title='bbox 810 2326 904 2411; x_wconf 81' lang='lat' dir='ltr'>digno</span> <span class='ocrx_word' id='word_1_136' title='bbox 919 2323 1044 2412; x_wconf 86' lang='lat' dir='ltr'>posuere</span> <span class='ocrx_word' id='word_1_137' title='bbox 1059 2323 1229 2411; x_wconf 87' lang='lat' dir='ltr'>sepulchro.</span> 
     </span>
     <span class='ocr_line' id='line_1_20' title="bbox 549 2419 1389 2464; baseline 0.005 -4"><span class='ocrx_word' id='word_1_138' title='bbox 549 2442 554 2449; x_wconf 53' lang='lat'>=</span> <span class='ocrx_word' id='word_1_139' title='bbox 599 2419 602 2425; x_wconf 85' lang='lat'><strong>·</strong></span> <span class='ocrx_word' id='word_1_140' title='bbox 1380 2422 1389 2464; x_wconf 87' lang='lat' dir='ltr'>r</span> 
     </span>
     <span class='ocr_line' id='line_1_21' title="bbox 197 2501 1286 2589; baseline 0.004 -19"><span class='ocrx_word' id='word_1_141' title='bbox 197 2503 413 2581; x_wconf 63' lang='lat' dir='ltr'>eorpuinusmrg-</span> <span class='ocrx_word' id='word_1_142' title='bbox 466 2506 642 2586; x_wconf 85' lang='lat' dir='ltr'>Corpuinus</span> <span class='ocrx_word' id='word_1_143' title='bbox 660 2504 743 2567; x_wconf 87' lang='lat' dir='ltr'>hunc</span> <span class='ocrx_word' id='word_1_144' title='bbox 758 2501 893 2589; x_wconf 84' lang='lat' dir='ltr'>sequitur</span> <span class='ocrx_word' id='word_1_145' title='bbox 915 2504 1056 2568; x_wconf 81' lang='lat' dir='ltr'>commissi</span> <span class='ocrx_word' id='word_1_146' title='bbox 1073 2503 1172 2587; x_wconf 72' lang='lat' dir='ltr'>postor</span> <span class='ocrx_word' id='word_1_147' title='bbox 1186 2506 1286 2588; x_wconf 83' lang='lat' dir='ltr'>ovilis,</span> 
     </span>
     <span class='ocr_line' id='line_1_22' title="bbox 197 2570 1183 2676; baseline 0.002 -20"><span class='ocrx_word' id='word_1_148' title='bbox 197 2570 412 2621; x_wconf 64' lang='lat' dir='ltr'>b““¹l²⁵‘p⁶m&#39;</span> <span class='ocrx_word' id='word_1_149' title='bbox 466 2594 622 2674; x_wconf 74' lang='lat' dir='ltr'>Presbyter</span> <span class='ocrx_word' id='word_1_150' title='bbox 637 2595 787 2676; x_wconf 84' lang='lat' dir='ltr'>egregius,</span> <span class='ocrx_word' id='word_1_151' title='bbox 811 2593 879 2654; x_wconf 85' lang='lat' dir='ltr'>vit&#39;ae</span> <span class='ocrx_word' id='word_1_152' title='bbox 893 2591 1041 2656; x_wconf 87' lang='lat' dir='ltr'>studiosus</span> <span class='ocrx_word' id='word_1_153' title='bbox 1056 2609 1183 2670; x_wconf 82' lang='lat' dir='ltr'>amator,</span> 
     </span>
    </p>
   </div>
   <div class='ocr_carea' id='block_1_11' title="bbox 467 2679 1219 2766">
    <p class='ocr_par' dir='ltr' id='par_1_11' title="bbox 467 2679 1219 2766">
     <span class='ocr_line' id='line_1_23' title="bbox 467 2679 1219 2766; baseline 0.007 -21"><span class='ocrx_word' id='word_1_154' title='bbox 467 2679 652 2746; x_wconf 79' lang='lat' dir='ltr'>Sensibus&amp;</span> <span class='ocrx_word' id='word_1_155' title='bbox 665 2681 799 2766; x_wconf 86' lang='lat' dir='ltr'>prudens</span> <span class='ocrx_word' id='word_1_156' title='bbox 813 2681 844 2744; x_wconf 84' lang='lat'>&amp;</span> <span class='ocrx_word' id='word_1_157' title='bbox 854 2681 967 2746; x_wconf 73' lang='lat' dir='ltr'>condio</span> <span class='ocrx_word' id='word_1_158' title='bbox 982 2681 1120 2746; x_wconf 79' lang='lat' dir='ltr'>&#39;strenuus</span> <span class='ocrx_word' id='word_1_159' title='bbox 1137 2682 1219 2750; x_wconf 78' lang='lat' dir='ltr'>astu.</span> 
     </span>
    </p>
   </div>
   <div class='ocr_carea' id='block_1_12' title="bbox 465 2853 1299 3032">
    <p class='ocr_par' dir='ltr' id='par_1_12' title="bbox 465 2853 1299 3032">
     <span class='ocr_line' id='line_1_24' title="bbox 467 2853 1299 2945; baseline 0.004 -22"><span class='ocrx_word' id='word_1_160' title='bbox 467 2857 569 2923; x_wconf 84' lang='lat' dir='ltr'>Pastor</span> <span class='ocrx_word' id='word_1_161' title='bbox 582 2873 618 2921; x_wconf 89' lang='lat' dir='ltr'>ut</span> <span class='ocrx_word' id='word_1_162' title='bbox 632 2855 686 2922; x_wconf 87' lang='lat' dir='ltr'>iste</span> <span class='ocrx_word' id='word_1_163' title='bbox 700 2857 768 2942; x_wconf 85' lang='lat' dir='ltr'>pius</span> <span class='ocrx_word' id='word_1_164' title='bbox 782 2859 943 2942; x_wconf 86' lang='lat' dir='ltr'>complevit</span> <span class='ocrx_word' id='word_1_165' title='bbox 956 2860 987 2922; x_wconf 88' lang='lat' dir='ltr'>in</span> <span class='ocrx_word' id='word_1_166' title='bbox 1001 2859 1107 2924; x_wconf 89' lang='lat' dir='ltr'>ordine</span> <span class='ocrx_word' id='word_1_167' title='bbox 1125 2875 1256 2945; x_wconf 84' lang='lat' dir='ltr'>tempus,</span> <span class='ocrx_word' id='word_1_168' title='bbox 1295 2853 1299 2862; x_wconf 78' lang='grc'><strong>’</strong></span> 
     </span>
     <span class='ocr_line' id='line_1_25' title="bbox 465 2947 1228 3032; baseline 0.01 -24"><span class='ocrx_word' id='word_1_169' title='bbox 465 2951 619 3010; x_wconf 89' lang='lat' dir='ltr'>Germano</span> <span class='ocrx_word' id='word_1_170' title='bbox 635 2949 745 3008; x_wconf 89' lang='lat' dir='ltr'>meruit</span> <span class='ocrx_word' id='word_1_171' title='bbox 763 2947 945 3032; x_wconf 82' lang='lat' dir='ltr'>condignam</span> <span class='ocrx_word' id='word_1_172' title='bbox 960 2948 1096 3029; x_wconf 86' lang='lat' dir='ltr'>linquere</span> <span class='ocrx_word' id='word_1_173' title='bbox 1116 2947 1228 3016; x_wconf 87' lang='lat' dir='ltr'>sedern.</span> 
     </span>
    </p>
   </div>
   <div class='ocr_carea' id='block_1_13' title="bbox 196 3015 1219 3119">
    <p class='ocr_par' dir='ltr' id='par_1_13' title="bbox 196 3015 1219 3119">
     <span class='ocr_line' id='line_1_26' title="bbox 196 3015 1219 3119; baseline 0.016 -31"><span class='ocrx_word' id='word_1_174' title='bbox 196 3017 321 3069; x_wconf 70' lang='lat' dir='ltr'>nuatum</span> <span class='ocrx_word' id='word_1_175' title='bbox 331 3033 354 3078; x_wconf 86' lang='lat'>³·</span> <span class='ocrx_word' id='word_1_176' title='bbox 372 3015 413 3064; x_wconf 54' lang='grc' dir='ltr'>ὠ·</span> <span class='ocrx_word' id='word_1_177' title='bbox 466 3035 616 3098; x_wconf 83' lang='lat' dir='ltr'>Aldninus</span> <span class='ocrx_word' id='word_1_178' title='bbox 631 3033 680 3098; x_wconf 90' lang='lat' dir='ltr'>hic</span> <span class='ocrx_word' id='word_1_179' title='bbox 694 3031 794 3098; x_wconf 89' lang='lat' dir='ltr'>suerat</span> <span class='ocrx_word' id='word_1_180' title='bbox 807 3035 957 3119; x_wconf 84' lang='lat' dir='ltr'>condigno</span> <span class='ocrx_word' id='word_1_181' title='bbox 972 3037 1093 3118; x_wconf 76' lang='lat' dir='ltr'>nomine</span> <span class='ocrx_word' id='word_1_182' title='bbox 1107 3037 1219 3105; x_wconf 74' lang='lat' dir='ltr'>dietus.</span> 
     </span>
    </p>
   </div>
   <div class='ocr_carea' id='block_1_14' title="bbox 197 3086 248 3133">
    <p class='ocr_par' dir='ltr' id='par_1_14' title="bbox 197 3086 248 3133">
     <span class='ocr_line' id='line_1_27' title="bbox 197 3086 248 3133; baseline 0.02 -1"><span class='ocrx_word' id='word_1_183' title='bbox 197 3086 248 3133; x_wconf 83' lang='lat' dir='ltr'>bas.</span> 
     </span>
    </p>
   </div>
   <div class='ocr_carea' id='block_1_15' title="bbox 198 3178 1253 3298">
    <p class='ocr_par' dir='ltr' id='par_1_15' title="bbox 198 3178 1253 3298">
     <span class='ocr_line' id='line_1_28' title="bbox 198 3178 1253 3298; baseline 0.027 -47"><span class='ocrx_word' id='word_1_184' title='bbox 198 3193 320 3261; x_wconf 73' lang='lat' dir='ltr'>sigualdus</span> <span class='ocrx_word' id='word_1_185' title='bbox 330 3211 357 3256; x_wconf 79' lang='lat'>4·</span> <span class='ocrx_word' id='word_1_186' title='bbox 369 3195 410 3245; x_wconf 76' lang='lat'>²¹&gt;-</span> <span class='ocrx_word' id='word_1_187' title='bbox 465 3206 698 3297; x_wconf 83' lang='lat' dir='ltr'>Qartns·adest</span> <span class='ocrx_word' id='word_1_188' title='bbox 713 3178 812 3293; x_wconf 84' lang='lat' dir='ltr'>pastor</span> <span class='ocrx_word' id='word_1_189' title='bbox 826 3209 967 3292; x_wconf 75' lang='lat' dir='ltr'>praeclaro</span> <span class='ocrx_word' id='word_1_190' title='bbox 982 3211 1102 3275; x_wconf 88' lang='lat' dir='ltr'>nomine</span> <span class='ocrx_word' id='word_1_191' title='bbox 1118 3211 1253 3298; x_wconf 83' lang='lat' dir='ltr'>Sigbald.</span> 
     </span>
    </p>
   </div>
   <div class='ocr_carea' id='block_1_16' title="bbox 464 3298 1247 3632">
    <p class='ocr_par' dir='ltr' id='par_1_16' title="bbox 464 3298 1219 3381">
     <span class='ocr_line' id='line_1_29' title="bbox 464 3298 1219 3381; baseline 0.004 -19"><span class='ocrx_word' id='word_1_192' title='bbox 464 3299 621 3381; x_wconf 79' lang='lat' dir='ltr'>Presbyter</span> <span class='ocrx_word' id='word_1_193' title='bbox 637 3299 687 3362; x_wconf 91' lang='lat' dir='ltr'>hic</span> <span class='ocrx_word' id='word_1_194' title='bbox 700 3298 806 3362; x_wconf 84' lang='lat' dir='ltr'>cellam</span> <span class='ocrx_word' id='word_1_195' title='bbox 823 3300 924 3362; x_wconf 83' lang='lat' dir='ltr'>multis</span> <span class='ocrx_word' id='word_1_196' title='bbox 945 3299 1108 3363; x_wconf 84' lang='lat' dir='ltr'>donaribus</span> <span class='ocrx_word' id='word_1_197' title='bbox 1122 3304 1219 3378; x_wconf 73' lang='lat' dir='ltr'>nuxit,</span> 
     </span>
    </p>

    <p class='ocr_par' dir='ltr' id='par_1_17' title="bbox 465 3383 1223 3471">
     <span class='ocr_line' id='line_1_30' title="bbox 465 3383 1223 3471; baseline 0.005 -21"><span class='ocrx_word' id='word_1_198' title='bbox 465 3391 568 3471; x_wconf 89' lang='lat' dir='ltr'>Atque</span> <span class='ocrx_word' id='word_1_199' title='bbox 588 3388 646 3450; x_wconf 88' lang='lat' dir='ltr'>deo</span> <span class='ocrx_word' id='word_1_200' title='bbox 661 3388 782 3468; x_wconf 86' lang='lat' dir='ltr'>dignam</span> <span class='ocrx_word' id='word_1_201' title='bbox 797 3383 944 3450; x_wconf 84' lang='lat' dir='ltr'>studiosus</span> <span class='ocrx_word' id='word_1_202' title='bbox 959 3388 1095 3452; x_wconf 88' lang='lat' dir='ltr'>condidit</span> <span class='ocrx_word' id='word_1_203' title='bbox 1112 3388 1223 3454; x_wconf 84' lang='lat' dir='ltr'>aulam.</span> 
     </span>
    </p>

    <p class='ocr_par' dir='ltr' id='par_1_18' title="bbox 465 3469 1247 3632">
     <span class='ocr_line' id='line_1_31' title="bbox 466 3469 1247 3558; baseline 0.003 -18"><span class='ocrx_word' id='word_1_204' title='bbox 466 3480 539 3540; x_wconf 79' lang='lat' dir='ltr'>Haec</span> <span class='ocrx_word' id='word_1_205' title='bbox 552 3472 594 3538; x_wconf 90' lang='lat' dir='ltr'>est</span> <span class='ocrx_word' id='word_1_206' title='bbox 608 3473 658 3536; x_wconf 85' lang='lat' dir='ltr'>illa</span> <span class='ocrx_word' id='word_1_207' title='bbox 673 3474 793 3546; x_wconf 82' lang='lat' dir='ltr'>domus,</span> <span class='ocrx_word' id='word_1_208' title='bbox 817 3493 909 3558; x_wconf 78' lang='lat' dir='ltr'>quern</span> <span class='ocrx_word' id='word_1_209' title='bbox 929 3489 1024 3538; x_wconf 85' lang='lat' dir='ltr'>mater</span> <span class='ocrx_word' id='word_1_210' title='bbox 1035 3469 1173 3540; x_wconf 56' lang='lat' dir='ltr'>‘numinis</span> <span class='ocrx_word' id='word_1_211' title='bbox 1192 3476 1247 3542; x_wconf 84' lang='lat' dir='ltr'>alti</span> 
     </span>
     <span class='ocr_line' id='line_1_32' title="bbox 465 3558 1123 3632; baseline 0.005 -5"><span class='ocrx_word' id='word_1_212' title='bbox 465 3563 623 3628; x_wconf 83' lang='lat' dir='ltr'>Incolitans</span> <span class='ocrx_word' id='word_1_213' title='bbox 635 3559 728 3626; x_wconf 85' lang='lat' dir='ltr'>servat</span> <span class='ocrx_word' id='word_1_214' title='bbox 739 3559 812 3624; x_wconf 83' lang='lat' dir='ltr'>vasti</span> <span class='ocrx_word' id='word_1_215' title='bbox 827 3558 881 3625; x_wconf 91' lang='lat' dir='ltr'>sub</span> <span class='ocrx_word' id='word_1_216' title='bbox 900 3561 1030 3627; x_wconf 87' lang='lat' dir='ltr'>culmine</span> <span class='ocrx_word' id='word_1_217' title='bbox 1045 3564 1123 3632; x_wconf 84' lang='lat' dir='ltr'>coeli.</span> 
     </span>
    </p>
   </div>
   <div class='ocr_carea' id='block_1_17' title="bbox 196 3699 1271 3984">
    <p class='ocr_par' dir='ltr' id='par_1_19' title="bbox 196 3699 1271 3984">
     <span class='ocr_line' id='line_1_33' title="bbox 196 3699 1271 3826; baseline 0.013 -32"><span class='ocrx_word' id='word_1_218' title='bbox 196 3739 268 3794; x_wconf 85' lang='lat' dir='ltr'>Mors</span> <span class='ocrx_word' id='word_1_219' title='bbox 279 3739 391 3807; x_wconf 78' lang='lat' dir='ltr'>stgbaldi.</span> <span class='ocrx_word' id='word_1_220' title='bbox 461 3736 618 3819; x_wconf 75' lang='lat' dir='ltr'>Presbyter</span> <span class='ocrx_word' id='word_1_221' title='bbox 636 3738 686 3802; x_wconf 88' lang='lat' dir='ltr'>hic</span> <span class='ocrx_word' id='word_1_222' title='bbox 706 3737 825 3814; x_wconf 70' lang='lat' dir='ltr'>doetus,</span> <span class='ocrx_word' id='word_1_223' title='bbox 850 3735 924 3804; x_wconf 90' lang='lat' dir='ltr'>dum</span> <span class='ocrx_word' id='word_1_224' title='bbox 939 3739 1032 3826; x_wconf 85' lang='lat' dir='ltr'>longo</span> <span class='ocrx_word' id='word_1_225' title='bbox 1047 3699 1182 3826; x_wconf 86' lang='lat' dir='ltr'>tempore</span> <span class='ocrx_word' id='word_1_226' title='bbox 1195 3737 1271 3808; x_wconf 79' lang='lat' dir='ltr'>felix</span> 
     </span>
     <span class='ocr_line' id='line_1_34' title="bbox 465 3827 1175 3910; baseline 0.004 -19"><span class='ocrx_word' id='word_1_227' title='bbox 465 3828 556 3891; x_wconf 85' lang='lat' dir='ltr'>Talia</span> <span class='ocrx_word' id='word_1_228' title='bbox 571 3847 623 3910; x_wconf 89' lang='lat' dir='ltr'>per</span> <span class='ocrx_word' id='word_1_229' title='bbox 637 3827 742 3891; x_wconf 87' lang='lat' dir='ltr'>cellam</span> <span class='ocrx_word' id='word_1_230' title='bbox 757 3830 867 3891; x_wconf 88' lang='lat' dir='ltr'>meruit</span> <span class='ocrx_word' id='word_1_231' title='bbox 885 3829 948 3906; x_wconf 83' lang='lat' dir='ltr'>jam</span> <span class='ocrx_word' id='word_1_232' title='bbox 962 3829 1040 3893; x_wconf 72' lang='lat' dir='ltr'>satia</span> <span class='ocrx_word' id='word_1_233' title='bbox 1054 3845 1175 3904; x_wconf 77' lang='lat' dir='ltr'>novare,</span> 
     </span>
     <span class='ocr_line' id='line_1_35' title="bbox 464 3912 1186 3984; baseline 0.001 -5"><span class='ocrx_word' id='word_1_234' title='bbox 464 3913 578 3979; x_wconf 81' lang='lat' dir='ltr'>Clausit</span> <span class='ocrx_word' id='word_1_235' title='bbox 592 3918 649 3980; x_wconf 85' lang='lat' dir='ltr'>iter</span> <span class='ocrx_word' id='word_1_236' title='bbox 663 3913 731 3981; x_wconf 82' lang='lat' dir='ltr'>secli</span> <span class='ocrx_word' id='word_1_237' title='bbox 747 3912 934 3982; x_wconf 66' lang='lat' dir='ltr'>transductus</span> <span class='ocrx_word' id='word_1_238' title='bbox 956 3917 994 3982; x_wconf 87' lang='lat' dir='ltr'>ad</span> <span class='ocrx_word' id='word_1_239' title='bbox 1014 3920 1088 3984; x_wconf 85' lang='lat' dir='ltr'>atria</span> <span class='ocrx_word' id='word_1_240' title='bbox 1104 3918 1186 3984; x_wconf 86' lang='lat' dir='ltr'>coeli.</span> 
     </span>
    </p>
   </div>
   <div class='ocr_carea' id='block_1_18' title="bbox 194 4077 1228 4283">
    <p class='ocr_par' dir='ltr' id='par_1_20' title="bbox 194 4077 1228 4283">
     <span class='ocr_line' id='line_1_36' title="bbox 196 4077 1228 4178; baseline -0.004 -19"><span class='ocrx_word' id='word_1_241' title='bbox 196 4096 393 4162; x_wconf 57' lang='lat' dir='ltr'>siguinum.</span> <span class='ocrx_word' id='word_1_242' title='bbox 462 4089 532 4154; x_wconf 88' lang='lat' dir='ltr'>Post</span> <span class='ocrx_word' id='word_1_243' title='bbox 549 4111 642 4176; x_wconf 88' lang='lat' dir='ltr'>qnem</span> <span class='ocrx_word' id='word_1_244' title='bbox 659 4077 818 4177; x_wconf 82' lang='lat' dir='ltr'>germanus</span> <span class='ocrx_word' id='word_1_245' title='bbox 839 4095 978 4177; x_wconf 82' lang='lat' dir='ltr'>praemitis</span> <span class='ocrx_word' id='word_1_246' title='bbox 997 4092 1129 4178; x_wconf 78' lang='lat' dir='ltr'>regmina</span> <span class='ocrx_word' id='word_1_247' title='bbox 1144 4091 1228 4156; x_wconf 77' lang='lat' dir='ltr'>cellae</span> 
     </span>
     <span class='ocr_line' id='line_1_37' title="bbox 194 4163 1217 4283; baseline -0.001 -39"><span class='ocrx_word' id='word_1_248' title='bbox 194 4163 244 4213; x_wconf 61' lang='lat'>⁵²⁵·</span> <span class='ocrx_word' id='word_1_249' title='bbox 463 4183 607 4266; x_wconf 87' lang='lat' dir='ltr'>Signinus</span> <span class='ocrx_word' id='word_1_250' title='bbox 626 4181 748 4247; x_wconf 83' lang='lat' dir='ltr'>alterius</span> <span class='ocrx_word' id='word_1_251' title='bbox 763 4181 886 4268; x_wconf 87' lang='lat' dir='ltr'>sumpfit</span> <span class='ocrx_word' id='word_1_252' title='bbox 906 4185 1084 4283; x_wconf 78' lang='lat' dir='ltr'>cognomine</span> <span class='ocrx_word' id='word_1_253' title='bbox 1106 4181 1217 4246; x_wconf 68' lang='lat' dir='ltr'>dietus.</span> 
     </span>
    </p>
   </div>
   <div class='ocr_carea' id='block_1_19' title="bbox 176 4348 1393 4518">
    <p class='ocr_par' dir='ltr' id='par_1_21' title="bbox 176 4348 1393 4518">
     <span class='ocr_line' id='line_1_38' title="bbox 176 4348 1393 4518; baseline 0.037 -120"><span class='ocrx_word' id='word_1_254' title='bbox 176 4348 381 4432; x_wconf 71' lang='lat' dir='ltr'>‘Igsamsletton</span> <span class='ocrx_word' id='word_1_255' title='bbox 461 4360 617 4444; x_wconf 79' lang='lat' dir='ltr'>Tempore</span> <span class='ocrx_word' id='word_1_256' title='bbox 630 4376 694 4448; x_wconf 88' lang='lat' dir='ltr'>quo</span> <span class='ocrx_word' id='word_1_257' title='bbox 708 4355 805 4426; x_wconf 74' lang='lat' dir='ltr'>lesior</span> <span class='ocrx_word' id='word_1_258' title='bbox 824 4357 982 4449; x_wconf 75' lang='lat' dir='ltr'>praeclarus</span> <span class='ocrx_word' id='word_1_259' title='bbox 996 4358 1108 4448; x_wconf 73' lang='lat' dir='ltr'>gaudia</span> <span class='ocrx_word' id='word_1_260' title='bbox 1130 4357 1216 4446; x_wconf 66' lang='lat' dir='ltr'>digni</span> <span class='ocrx_word' id='word_1_261' title='bbox 1298 4445 1393 4518; x_wconf 32' lang='lat' dir='ltr'><strong>Accu·</strong></span> 
     </span>
    </p>
   </div>
   <div class='ocr_carea' id='block_1_20' title="bbox 0 0 1468 4900">
    <p class='ocr_par' dir='ltr' id='par_1_22' title="bbox 0 0 1468 4900">
     <span class='ocr_line' id='line_1_39' title="bbox 0 0 1468 4900; baseline 0 0"><span class='ocrx_word' id='word_1_262' title='bbox 0 0 1468 4900; x_wconf 95' lang='lat' dir='ltr'> </span> 
     </span>
    </p>
   </div>
  </div>
 </body>
</html>
