2925 4900
51 279 55 289 .
178 230 567 333 nnrrnunrrr
600 198 1036 313 contrariari.
1213 252 1282 335 arr
1454 202 1455 215 Ν

78 368 214 443 nentote
227 381 339 459 Judam
353 377 585 457 Macchabeurn
607 382 661 465 qui
680 381 826 465 templum
841 382 889 447 dci
904 384 1054 469 purgavit,
1078 374 1110 445 ἔτ’
1238 336 1240 341 »
1443 344 1447 352 ι

78 467 225 552 populum
240 474 256 535 i
269 466 410 531 servitute
423 468 563 532 liberarit
580 484 759 536 extranea·
819 496 832 511 ··
953 494 1006 535 ’ρ’
1085 488 1093 499 ’·

122 556 163 617 Et
177 564 221 632 tu,
240 568 322 639 pater
330 554 437 645 sandie,
453 556 518 621 dux
526 557 633 641 populi
641 559 700 632 dei,
718 556 816 640 pastor
824 552 1037 643 gregis‘s'anstij
1045 576 1106 621 rne-
1115 564 1156 629 All
1187 582 1264 633 ,law
1326 569 1333 581 “

78 641 161 705 dicus
169 645 342 719 animarum,
359 644 476 707 lucerna
487 642 573 729 snper
585 645 796 711 candelabrum
809 646 914 731 posrta,
937 644 999 709 esto
1010 646 1105 710 forma
1116 650 1147 695 Hi
1165 648 1238 696 ebal-

77 731 205 793 inomni
220 732 359 807 bonitate,
374 734 514 795 omnibns
536 743 566 796 te
579 730 774 798 ridentibus(
804 734 876 797 Esto
912 754 988 796 raeco
1004 664 1273 841 salutisffinffpffffm
1444 764 1447 771 ·

77 815 193 881 enutris
207 832 237 881 te
248 820 449 884 audientibus.
492 821 538 883 Sit
553 822 866 885 tunsconiitatdshon
913 795 1249 899 uamorrbnsasnnnl
1311 814 1314 827 s

10 975 12 980 y
78 906 144 969 aliis
158 908 331 989 exemplum
345 909 384 971 ad
398 910 500 984 vitain,
523 925 584 971 non
597 908 636 971 ad
651 909 857 992 perditionem.
1083 908 1173 993 ’sem‘

121 996 201 1057 Cum
215 996 355 1059 dominus
369 991 468 1064 noster
482 1016 538 1059 rex
551 996 676 1061 Carolus
691 995 825 1061 hostibus
848 1011 901 1083 pe'r
919 994 972 1059 -dei
993 990 1105 1060 miseri·
1209 989 1214 998 ’
1291 996 1294 1001 ’

77 1080 212 1144 cordiam
237 1080 360 1147 subditis
387 1084 512 1147 domum
533 1095 739 1159 reverteretur,
767 1106 823 1147 nos
845 1086 902 1148 deo
919 1084 1044 1165 juvante
1066 1082 1106 1147 ad

77 1169 168 1233 illurn
188 1172 231 1233 ire
246 1167 441 1255 disponimus,
466 1170 624 1255 &siquid
640 1187 711 1235 tunc
724 1171 774 1235 rel
799 1170 837 1235 de
861 1174 967 1255 pueris,
996 1174 1050 1257 qui
1068 1172 1106 1233 'in

77 1257 282 1343 captivitatem
305 1259 323 1322 ai
342 1260 471 1343 paganis
485 1259 609 1324 abdusii
623 1256 703 1334 sunt,-
725 1260 775 1322 rel
800 1260 838 1322 de
862 1262 923 1321 aliis
939 1258 1109 1343 quibusque

77 1343 298 1411 necessitatibus
311 1345 413 1410 restris
428 1344 687 1411 venraesananaa
700 1347 845 1429 proficere
859 1348 1022 1430 possumus,
1039 1348 1107 1412 dilis
1213 1374 1218 1377 ·

76 1445 186 1517 genter
200 1434 239 1498 ad
254 1432 395 1498 elicitum
410 1435 572 1521 perducere
585 1436 768 1511 curabimus.
869 1485 871 1489 .

120 1588 175 1693 Err
187 1584 301 1676 epr‘slola
314 1576 415 1674 Albini
427 1579 470 1654 dd
482 1581 666 1654 Ethelredum
680 1547 778 1675 regem
791 1584 1065 1667 Norshumbrdrum,

474 1700 511 1741 ac
523 1676 586 1760 ejus
599 1677 715 1744 nobiles,

124 1783 167 1854 Et
181 1793 268 1856 nnius
283 1787 384 1876 patriae
398 1787 545 1879 indigena
560 1791 670 1859 sumus.
1065 1863 1067 1869 ,

125 1880 204 1943 Ecce
218 1882 357 1945 trecentis
372 1884 402 1944 8r
415 1885 638 1966 quinquaginta
651 1873 746 1946 fe'rtne
771 1872 852 1945 annis
867 1880 954 1967 quod
978 1892 1032 1943 nds
1052 1892 1107 1945 no·a

80 1964 195 2051 slrique
203 1983 300 2054 patres
309 1969 403 2053 hujus
409 1970 614 2055 pulcherrime
625 1974 728 2055 patriae
739 1970 843 2033 incolae
854 1969 974 2047 fuimns,
992 1971 1110 2031 &nun

79 2076 176 2150 quarn
193 2056 258 2119 talis
274 2073 369 2119 terror
385 2059 468 2141 prius
482 2061 620 2143 apparuit
634 2061 664 2122 in
682 2060 844 2133 Britannia,
869 2058 963 2121 veluti
977 2056 1069 2121 modo
1091 2056 1110 2141 d
1175 2103 1183 2137 ,
1200 2059 1217 2143 J

76 2159 202 2227 pagana
222 2160 312 2229 gente
327 2144 449 2231 perpessi
464 2143 575 2212 sumus,
619 2143 684 2211 Nec
708 2142 852 2226 eiusmodi
878 2147 1032 2229 navigium
1045 2144 1111 2206 fieri

127 2228 166 2293 sse
182 2232 354 2313 putabatur.
401 2237 478 2298 Ecce
492 2228 611 2298 ecclesia
636 2237 667 2297 S.
689 2234 839 2297 Cudberti
860 2230 1045 2295 sacerdotum
1063 2232 1115 2293 dei

93 2320 226 2401 anguine
235 2316 356 2405 aspersa,
371 2322 510 2386 omnibus
520 2319 847 2404 spoliataornamentis.
884 2319 1113 2385 Locuscundiis

79 2406 115 2468 in
144 2408 297 2473 Britannia
310 2410 507 2475 venerabilior
531 2412 654 2496 paginis
676 2410 817 2494 gentibus
832 2406 922 2472 datur
941 2408 979 2474 ad
996 2408 1112 2490 deprae-

78 2491 229 2570 dandum.
275 2501 316 2562 Et
340 2496 393 2562 nbi
415 2501 544 2582 primum
565 2498 631 2582 p'ost
645 2495 909 2564 disortium-sancti
935 2497 1052 2562 Paulini
1072 2495 1111 2560 ab

80 2582 228 2647 Eboraca'
236 2584 403 2649 Christiana
425 2589 529 2671 religio
552 2589 583 2650 in
609 2587 707 2650 noslra
720 2603 810 2670 gente
829 2583 954 2669 sumpsit
969 2585 1109 2659 initium,
1121 2599 1177 2668 Pag.
1189 2595 1249 2659 5⁴67,

77 2670 127 2735 ibi
142 2669 262 2736 miseriae
276 2672 306 2735 dt
320 2675 493 2738 calamitatis
508 2677 587 2759 cepit
603 2675 774 2738 exordium.
818 2671 895 2766 Qis
911 2673 968 2736 hoc
994 2693 1054 2734 non
1076 2675 1111 2733 ti·
1222 2689 1223 2694 ’

79 2773 148 2820 met
163 2763 175 2820 i
220 2762 261 2821 Et
275 2760 418 2843 quiahoc
432 2759 516 2843 quasi
532 2776 649 2844 captam
664 2762 792 2844 patriam
806 2780 868 2822 non
883 2757 1019 2844 plangit?
1058 2761 1111 2822 Vi-

77 2866 172 2917 neam
191 2846 316 2910 elediam
339 2848 443 2932 vulpes
465 2848 687 2932 depraedaru'nt.
741 2846 897 2910 Hereditas
915 2846 1029 2917 domini
1045 2845 1114 2910 data

80 2933 129 2997 est
146 2933 263 3018 populo
277 2953 338 2998 nnn
351 2931 416 3014 suo.
461 2937 500 2998 Et
516 2935 648 3001 ubilans
665 2936 780 3002 domini
795 2935 837 2998 ibi
856 2931 945 2998 ludus
962 2935 1112 3018 gentium.
1160 3015 1163 3020 ¹

79 3020 239 3103 festivitas
252 3019 352 3086 sanila
365 3020 447 3086 versa
471 3023 514 3086 est
527 3026 558 3088 in
568 3100 570 3103 Ι
581 3021 709 3088 lustum.-
755 3018 916 3088 Adtentius
931 3019 1115 3086 considerate

80 3108 207 3185 fratres,
229 3111 259 3174 a
274 3108 492 3194 diligentissime
507 3109 672 3196 perspicite,
688 3132 726 3176 ne
738 3109 817 3174 forte
832 3110 889 3173 hoc
904 3109 1071 3174 inauditum
1084 3111 1115 3170 8r'

80 3193 293 3262 inconsuetum
308 3198 420 3262 malum
441 3199 541 3284 aliqua
562 3201 695 3265 inaudita
719 3199 791 3265 mali
814 3197 1027 3264 consuetudine
1046 3209 1117 3280 pro·

82 3298 265 3350 mereretur.
309 3289 379 3348 Non
393 3286 461 3350 dico
484 3288 569 3372 quod
583 3286 789 3352 fornicationis
811 3302 930 3370 peccata
946 3305 1007 3348 non
1025 3284 1118 3348 essent

82 3376 118 3438 in
135 3373 261 3457 populo.
299 3373 358 3438 Sed
371 3374 389 3438 a
402 3375 510 3440 diebus
523 3373 678 3441 AElswnldi
692 3377 772 3460 regis
786 3371 1006 3448 fornicationes,
1030 3373 1119 3438 adul·

83 3463 174 3537 teria,
197 3462 227 3523 a
241 3458 366 3526 inceslns
393 3464 615 3527 inundaverunt
630 3461 717 3546 super
740 3479 858 3539 terram,
881 3464 923 3524 ita
947 3476 984 3524 ut
1007 3457 1120 3544 absque

76 3551 174 3626 omni
191 3549 369 3614 verecundia
381 3551 471 3616 etiam
486 3553 517 3616 dr
538 3554 570 3615 in
592 3552 705 3616 ancillis
719 3551 779 3614 deo
793 3551 897 3614 dicatis
911 3549 975 3612 haec
998 3560 1119 3630 peccata
1155 3580 1159 3586 ·

82 3637 346 3722 perpetrabantur.
390 3639 477 3725 Qid
491 3640 589 3703 dicam
603 3638 641 3702 de
654 3640 787 3714 avaritia,
801 3638 922 3720 rapinis,
937 3638 967 3698 a
982 3633 1120 3712 violent‘u
1196 3691 1200 3698 .

78 3725 220 3808 judiciis,
242 3724 320 3808 dum
332 3725 397 3789 luce
419 3726 528 3793 clarius
552 3726 688 3794 constat?
735 3731 896 3812 Qruntunr
915 3725 1031 3806 ubique
1055 3721 1121 3786 haec

83 3813 214 3876 crimina
223 3808 431 3878 succreverunt
447 3815 576 3899 populus
592 3815 717 3878 testatur
732 3813 886 3900 spoliatus.
1301 3891 1307 3904 ,

117 3901 228 3985 ,Signa
241 3902 320 3964 enim
335 3903 427 3985 hujus
440 3903 562 3966 miseriae
575 3903 782 3986 praecesserunt
804 3901 861 3963 alia
876 3920 928 3983 per
951 3917 999 3962 res
1009 3899 1119 3962 incon·
1236 3907 1238 3910 ’

82 3985 197 4065 suetas,
217 3987 275 4051 alta
289 4010 343 4073 per
356 3994 455 4076 mores
469 3989 610 4054 insolitos.
654 3991 740 4077 Qid
761 3982 906 4074 fignificat
931 3983 1042 4070 pluvia
1055 3981 1119 4068 san*
1144 4040 1147 4050 .

230 4104 286 4140 uam
1093 4117 1101 4134 ι

83 4155 204 4245 guinis,
214 4107 287 4240 lquia
297 4146 546 4248 quadragesimali
558 4157 858 4244 temporeEuboraca
872 4153 991 4221 civitate
1004 4157 1034 4218 in
1049 4147 1124 4219 eccla

85 4247 175 4312 beati
189 4247 270 4309 Petri
285 4244 654 4335 principisapostolorum,
677 4269 747 4332 quae
762 4262 851 4330 eaput
866 4245 907 4310 esl
920 4247 1014 4308 totius
1029 4245 1124 4328 regni,

10 4380 11 4385 η
87 4333 228 4406 vidimus
243 4333 284 4398 de
298 4336 471 4404 borealibus
481 4337 593 4400 domus
605 4333 710 4402 sereno
722 4338 803 4415 aere,
826 4335 865 4402 de
877 4331 1049 4404 *summitate
1069 4329 1128 4402 ml·

379 4449 395 4496 5
527 4427 558 4489 D
574 4423 676 4493 ddz
1013 4418 1126 4485 nacitur
