2925 4900
169 236 242 329 paq
380 222 389 257 t
479 226 811 315 ⁴Jonrvrtrs
857 196 1177 295 nunnitus

388 384 455 467 Ego
468 380 743 458 vern-'secuudum
766 380 890 445 modum
914 383 1055 465 ingenioli
1076 374 1150 458 mei‚'
1179 382 1260 467 apud
1278 383 1374 449 servos

344 472 455 537 vestros
468 473 502 535 in
512 472 558 533 his
574 469 709 554 partibus
718 466 859 533 seminare
869 466 1018 552 sapientiae
1027 490 1117 554 grana
1125 469 1221 557 segnis
1235 492 1296 536 non
1308 494 1372 539 ero.

389 554 487 621 Multa
495 558 673 621 florentibus
688 578 741 640 per
756 572 873 633 aetatem
887 552 990 620 studiis
1005 554 1143 621 seminavi
1166 564 1196 621 in
1208 559 1375 625 Britannia.

340 650 437 709 ·Nuuc
461 667 534 731 ergo
548 644 725 729 frigescente
746 644 886 729 languine
900 643 984 729 quast
999 644 1115 729 vespere
1138 648 1168 709 in
1188 648 1313 711 Francia
1332 646 1376 711 se-

304 799 306 806 ,
346 736 532 797 minarenon
545 734 630 797 cesso·
1195 744 1197 749 '
1290 769 1293 775 ,

547 872 598 931 Ex
613 868 713 931 altera
728 865 826 929 Albini
847 835 959 948 epistola
980 864 1021 927 ud
1039 866 1166 930 eundem.

391 982 502 1045 Noun‘e
513 983 652 1044 Romana
664 982 696 1042 in
706 976 783 1051 sede,
806 977 860 1041 ubi
872 971 979 1060 'religio
993 980 1131 1041 maximae
1146 980 1264 1059 pietatis
1277 1003 1378 1065 quon-

350 1067 423 1133 dam
433 1069 591 1144 claruerat,
607 1070 651 1131 ibi
659 1084 791 1130 extrema
805 1066 1007 1148 impietatibus
1021 1066 1158 1147 exempla
1172 1067 1377 1133 emerserunt?

350 1155 417 1238 Ipsr·
433 1158 571 1221 cordibus
591 1155 650 1219 suis
669 1168 893 1219 excaecaverunt
915 1170 1006 1236 caput
1035 1154 1200 1236 proprium.
1246 1160 1313 1222 Nec
1335 1159 1379 1223 ibi

254 1241 260 1253 '
351 1246 442 1309 timor
455 1245 517 1323 dei,
538 1264 591 1307 nec
604 1239 755 1327 sapientia,
780 1262 834 1303 nec
848 1241 975 1305 charitas
988 1241 1043 1305 esse
1059 1242 1188 1307 videtur.

449 1381 452 1385 ’
485 1417 487 1428 r
515 1372 566 1433 Ex
578 1366 639 1430 alia
651 1366 750 1429 Albini
762 1364 804 1429 ad
820 1364 937 1429 eundem
951 1333 1083 1427 caiolum
1102 1366 1224 1449 epssola.

348 1467 351 1472 ’
397 1457 557 1537 chartulas
583 1492 653 1534 vero
675 1470 877 1534 calculationis
899 1466 999 1533 curlus
1026 1468 1214 1545 lunaria-vel
1235 1468 1381 1540 bisextilis

353 1563 486 1637 tationis,
509 1580 584 1645 quas
599 1559 706 1623 nostrae
720 1558 872 1621 devotioni
886 1554 1044 1645 tradidistis
1059 1558 1266 1641 explorandas.

361 1694 368 1721 ,.
394 1648 566 1713 Invenimus
586 1668 658 1731 ergo
670 1648 702 1709 in
715 1648 757 1709 eis
778 1648 906 1709 rationes
921 1644 1138 1729 diligentissime
1152 1647 1324 1731 exquisrtas,
1348 1669 1380 1711 a·

288 1787 290 1792 ,
347 1732 493 1802 cutiffime
506 1738 651 1821 inventas,
675 1732 848 1797 nobilisfime
862 1734 1010 1818 prolatas:
1042 1734 1072 1795 8c
1098 1735 1183 1816 quod
1207 1738 1239 1799 in
1264 1757 1302 1799 eo
1328 1737 1380 1799 de-

336 1826 434 1889 notio
448 1824 520 1885 olim
535 1822 572 1885 de
587 1820 716 1885 Biffexto
738 1824 837 1902 paucis
864 1820 1015 1883 inchoavit
1038 1822 1215 1887 ratiunculis
1228 1822 1324 1887 veslra
1338 1824 1381 1889 sa·

349 1910 498 1996 gacisstma
512 1910 665 1992 indagatio
674 1906 792 1992 copiose
807 1908 976 1992 complevit.
1364 1956 1367 1963 .

397 2000 503 2061 Direxi
517 1999 700 2063 excellentiae
720 1995 949 2091 veslraesstamen
960 1996 1147 2083 quarundam
1162 2014 1177 2045 0
1191 1996 1381 2083 supputatio-

346 2110 397 2146 ·u
1165 2122 1169 2141 ,

356 2187 427 2230 nem
441 2164 478 2226 de
491 2161 558 2227 solis
581 2164 721 2247 lunaeque
743 2184 796 2247 per
818 2162 991 2247 figniserum
1012 2150 1025 2210 l
1046 2162 1153 2227 cursu:
1188 2165 1237 2227 cui
1258 2164 1382 2229 srvestri

356 2254 469 2317 acutill:
485 2250 582 2315 sensus
594 2254 713 2334 ingenio
720 2253 895 2335 subtegmen
910 2252 1018 2314 addere
1029 2252 1274 2334 placuerit,'forte
1284 2256 1383 2335 pueris

357 2341 496 2406 Palatinis
507 2356 610 2405 contra
624 2339 719 2423 frigus
734 2340 891 2423 imperitiae
902 2339 1027 2422 aliquod
1034 2338 1196 2405 vestimenti
1211 2361 1306 2423 genus
1322 2344 1382 2403 texi

357 2432 477 2516 poterit,
501 2428 574 2492 srcut
599 2431 630 2491 in
646 2428 753 2512 prioris
780 2442 906 2494 textura
926 2448 1001 2491 meae
1026 2430 1116 2510 etiam
1136 2428 1326 2494 ordinatione
1340 2428 1395 2494 scm

355 2518 423 2581 cisse
435 2517 617 2602 probaveris.
1079 2593 1082 2602 ,
1210 2589 1213 2596 Α

189 2623 247 2691 ¹²8·
259 2637 314 2684 stt·
445 2606 552 2667 Vivere
565 2625 613 2667 me
628 2605 711 2667 terris
724 2605 775 2668 vix
789 2601 840 2668 vix
856 2601 923 2668 smit
937 2604 1072 2688 improba
1078 2601 1187 2688 sebris

163 2702 169 2715 ‘
444 2689 589 2775 Descrtpfi
604 2694 704 2777 paucis
724 2709 822 2776 partes
838 2693 866 2754 &
882 2689 982 2776 sydera
996 2693 1076 2758 coeli.
1113 2769 1118 2782 Ι
1180 2767 1182 2771 ,

453 2858 457 2868 ·
494 2810 496 2814 ὗ
519 2829 569 2900 Ex
581 2824 643 2888 aliu
653 2825 752 2891 Albini
766 2822 935 2890 adeundam
949 2823 1081 2888 Caralum
1093 2821 1215 2905 opssola.

400 2940 464 3000 Nec
490 2955 548 3018 ego
571 2937 675 3018 capitis
695 2935 799 2998 dolore
818 2933 960 3018 fatigatus
984 2923 1153 2998 examinare
1176 2931 1291 3017 polium
1318 2955 1387 3020 quas

359 3022 459 3095 subito
474 3021 540 3086 casu
555 3044 594 3085 ex
608 3045 659 3085 ore
674 3021 812 3084 dislantis
827 3024 953 3086 evolant.

403 3107 644 3193 Disputationem
659 3112 761 3192 itaque
776 3110 881 3172 Felicis
899 3129 968 3172 cum
996 3113 1140 3172 Saraceno
1167 3127 1222 3170 nec
1238 3109 1319 3188 vidi,²
1335 3132 1389 3174 nec

360 3199 441 3280 apud
469 3219 523 3261 nos
546 3200 663 3260 inventa
685 3197 738 3274 est,
761 3199 857 3260 immo
881 3218 934 3260 nec
955 3198 1056 3260 audivi
1082 3209 1191 3260 nomen
1215 3198 1279 3276 ejus
1306 3216 1386 3261 ante.

361 3289 479 3348 Tamen
495 3286 572 3348 dum
585 3287 754 3370 diligentius
769 3285 901 3370 questu,
925 3284 945 3347 fi
961 3287 1028 3369 quis
1043 3305 1082 3348 ex
1102 3285 1208 3348 nostris
1223 3281 1336 3348 samam
1353 3287 1387 3350 il·

348 3374 421 3438 ¹lius
435 3370 569 3448 audisset,
593 3374 709 3436 dissum
723 3373 765 3436 est
779 3375 862 3460 mihi,
876 3373 963 3458 quod
977 3374 1059 3457 apud
1075 3373 1258 3437 Laidradum
1274 3371 1386 3460 episco-

358 3482 439 3544 pum
453 3458 682 3545 Lugdunensem
697 3463 820 3526 inveniri
837 3461 985 3546 potuisset.

928 3565 946 3616 i.
958 3581 978 3615 e.
997 3567 1111 3617 Catulum
1123 3581 1247 3634 magnum.

461 3689 464 3692 ,
523 3671 526 3681 2
580 3598 630 3700 aa
644 3635 756 3718 attola
768 3635 866 3699 Altini
878 3635 920 3698 ad
932 3635 1040 3699 David
1050 3658 1157 3720 regem.

193 3755 239 3829 Per
248 3748 325 3800 David
405 3740 505 3808 Roma
519 3766 599 3820 vero,
622 3765 691 3828 quaa
703 3743 829 3806 fraterna
849 3739 994 3806 discordia
1008 3745 1039 3806 in
1053 3745 1173 3812 civitate
1194 3743 1316 3808 instrum
1331 3741 1392 3810 dis.

194 3820 320 3932 {ffiffi‘
363 3831 501 3896 sentionis
513 3852 662 3895 venenum
675 3833 734 3894 huc
758 3829 851 3914 usque
873 3847 974 3895 tenere
994 3851 1053 3928 non
1068 3833 1165 3908 cessat,
1189 3832 1288 3895 vestrae
1304 3853 1392 3912 vene-

193 3959 282 4014 regem,
307 3957 334 3994 ut
365 3922 464 3984 randae
480 3922 597 4003 pietatis
612 3921 773 4003 potentiam
796 3919 833 3981 ad
857 3919 945 3999 hujus
961 3921 1051 4002 partis
1073 3919 1306 4006 cognoscendam
1323 3941 1393 4006 per·

193 4013 248 4062 alibi
261 4014 327 4071 facit,
364 4011 466 4071 nitiem
482 4005 499 4070 ὲ
514 4008 652 4072 dulcibus
667 4008 838 4071 Germaniae
848 4005 968 4102 sedibus
977 4005 1294 4105 festinarecompellat.

194 4079 317 4145 rutelltgtt·
377 4123 380 4130 ·
530 4109 580 4199 53
598 4137 709 4232 ppssola
729 4136 829 4200 Albini
843 4135 885 4198 ad
900 4135 1046 4218 monachas
1061 4141 1224 4204 Gottoruna
1251 4126 1253 4132 l

190 4243 335 4306 -Htspantcus
407 4253 506 4316 Novas
521 4269 602 4330 vero,
618 4246 726 4318 fratres
739 4246 853 4312 chariss:
869 4243 1019 4330 Hispanici
1034 4248 1139 4316 errotis
1154 4245 1245 4318 sectas
1259 4266 1371 4316 cavete.

193 4327 268 4365 error.
349 4376 353 4382 ¹
712 4351 788 4407 asic,
838 4347 969 4402 bCutsum
985 4337 1046 4404 MS.
1199 4396 1204 4421 ἱ
1257 4407 1261 4418 Ι
1340 4417 1372 4490 ὅ

842 4439 845 4444 ’
1269 4480 1276 4490 ,.
1372 4437 1399 4486 x
