2925 4900
180 246 248 352 'sat

504 248 1171 336 Jonuutsnnnnuut

353 386 454 451 locum
469 383 577 448 scilicet
590 380 716 446 sansiill:
729 382 763 467 V&
787 377 954 441 multorum
973 374 1142 445 sanatorum
1168 373 1316 463 suffragiis
1328 374 1384 447 dltr

355 474 450 547 tutillz
466 464 547 546 nune
560 491 633 538 vero
646 466 850 542 miserabiliter
864 464 881 527 a
895 468 1016 550 paganis
1032 464 1227 534 devastatum.

374 614 421 683 Ex
433 609 546 692 epistola
560 610 660 673 Albini
675 606 717 677 ad
718 608 845 695 fratres
859 602 1004 697 Worsnfis
1020 604 1050 679 dr
1065 604 1219 691 Gyrurrfis
1233 603 1361 691 eccleſsae.

397 720 537 802 Cogitate
559 736 652 807 quem
674 714 809 779 habeatis
830 710 1013 783 defensorem
1039 726 1143 784 contra
1167 734 1307 799 paganos,
1329 716 1384 799 qui

354 820 558 888 apparuerunt
574 808 652 869 circa
667 804 807 867 terminos
821 802 975 863 maritimae
989 800 1190 867 habitationis.
1235 802 1339 868 Nolite
1354 805 1385 872 iu

197 908 209 923 ’
237 962 245 985 Ι
352 894 443 962 armis
458 892 538 976 spem
554 913 674 974 ponere,
690 888 786 961 sedin
802 890 868 963 deo,
885 890 940 973 qui
955 908 1109 972 nunquam
1120 886 1225 953 deserit
1236 886 1386 975 sperantes

353 975 439 1042 inse.
484 981 584 1043 Nolite
607 981 637 1042 in
652 977 724 1059 suga
739 974 900 1053 confidere,
924 973 1019 1041 sedin
1035 997 1120 1059 prere
1141 994 1258 1059 patrum
1273 976 1386 1041 vestro·

354 1088 442 1144 rum:
477 1068 576 1152 sicque
591 1080 709 1140 tanturn
723 1064 780 1137 filii
804 1064 897 1142 eritis,
920 1062 943 1128 fi
966 1084 1070 1127 eorum
1086 1062 1214 1149 vestigiis
1233 1064 1386 1135 adhaerere

356 1153 509 1229 studeatis.

373 1285 376 1290 >
402 1246 472 1306 Non
491 1244 568 1307 enim
583 1242 642 1306 loci
658 1240 874 1307 malefacientes
900 1238 1020 1321 adjuvat
1033 1236 1188 1304 sansiitas:
1224 1236 1275 1305 sed
1295 1240 1385 1305 bene„

357 1328 498 1395 facientes
514 1332 663 1414 religionis
676 1331 830 1413 integritas
843 1327 951 1400 efficiet
975 1326 1100 1405 sanans,
1124 1330 1152 1391 ἃ
1177 1329 1284 1412 dignos
1312 1351 1386 1415 pro·

359 1419 488 1486 tesiione
507 1419 618 1489 divina.
664 1420 742 1508 Qis
758 1438 818 1481 non
835 1418 920 1481 timet
935 1431 1076 1481 terrorem
1084 1418 1145 1500 ·qui
1160 1417 1268 1487 accidit
1288 1418 1321 1481 in
1336 1439 1385 1481 ec·

357 1506 445 1570 alesta
457 1511 488 1571 S.
500 1506 679 1571 Cutheberti
692 1511 702 1569 l
727 1506 876 1589 Corrigite
890 1519 1075 1588 quapropter
1087 1523 1185 1567 mores
1197 1502 1319 1581 vestros,
1349 1526 1387 1569 ne

360 1612 483 1680 propter
499 1614 619 1678 peccata
634 1592 839 1662 sceleratorum
855 1607 975 1675 pereant
995 1590 1084 1673 justi:
1119 1612 1157 1655 ne
1170 1592 1255 1655 vinea
1270 1592 1387 1657 domini

360 1682 492 1763 vulpinis
506 1683 593 1755 detur
608 1681 749 1752 dentibus
767 1680 806 1743 ad
827 1679 1033 1755 derodendum
1048 1704 1057 1750 t
1090 1698 1128 1743 ne
1151 1676 1320 1753 [aestuaris
1338 1680 1387 1753 dei

361 1770 451 1863 pedes
467 1791 650 1853 paganorum
665 1767 874 1853 pertranseant.
1042 1840 1044 1847 ,

405 1861 482 1919 Ecce
497 1857 590 1943 sugast
604 1858 680 1920 latro
695 1856 828 1920 boreales
844 1852 943 1920 insutae
957 1852 1065 1919 nostrae
1080 1870 1175 1946 partes
1190 1855 1327 1939 pervasit.

403 1945 610 2022 Reeordnmini
626 1946 697 2029 quia
711 1944 825 2018 nobiles
839 1941 982 2016 habuistis
997 1959 1107 2029 patres,
1122 1945 1152 2006 δι
1167 1965 1227 2017 non
1242 1943 1302 2017 sitis
1319 1960 1384 2009 tana

358 2034 397 2106 tis
414 2029 654 2115 progenitoribus
670 2026 828 2116 degeneres
838 2030 903 2110 filii,

403 2121 509 2198 Videte
523 2121 669 2182 librorum
686 2117 856 2183 thesauros:
886 2118 1067 2185 considerate
1088 2118 1275 2193 ecelesiarum
1297 2120 1386 2191 deco·

359 2228 433 2286 rent,
457 2208 653 2285 aedificiorum
668 2207 931 2289 pulchritudinem,
955 2208 1096 2293 regularis
1110 2209 1180 2271 vitae
1194 2209 1341 2277 ordinem.

404 2296 578 2379 Recogitate
594 2296 803 2375 nobilissimum
821 2294 906 2358 veslri
925 2296 1063 2378 temporis
1076 2292 1248 2379 magistrum
1258 2299 1385 2373 Boedanr

360 2384 576 2476 presbyterum,
621 2386 718 2470 Qale
732 2384 838 2447 habuit
861 2384 1066 2466 injuventute
1089 2380 1220 2456 discendi
1240 2382 1386 2456 studium.

360 2473 489 2558 inem
507 2494 586 2548 nune
607 2473 714 2542 habeat
738 2475 814 2536 iuter
829 2471 962 2536 homines
975 2473 1108 2548 laudem,
1130 2473 1227 2534 multo
1240 2475 1386 2555 majorem

315 2629 322 2636 ,
361 2561 442 2642 apud
455 2561 542 2622 deum
554 2555 796 2631 remunerationis
807 2559 943 2642 gloriam.
957 2627 959 2632 .
988 2559 1070 2634 Illius
1082 2581 1155 2644 ergo
1165 2561 1304 2644 exemplo
1315 2563 1385 2627 dor.

361 2651 500 2712 mirantes
514 2651 641 2722 excitate
655 2648 785 2725 animos:
818 2645 964 2731 magistris
977 2646 1113 2716 assidetes
1148 2649 1386 2730 aperitelibrost
1454 2657 1455 2670 ¹

362 2730 517 2816 perspicite
545 2736 680 2798 litteras:
714 2735 868 2818 intelligite
892 2733 990 2798 sensus
1015 2735 1144 2809 illarum,
1168 2749 1204 2797 nt
1229 2737 1259 2799 a
1274 2735 1386 2807 vosmet

345 2819 433 2908 'ipsos
447 2820 561 2908 patere,
585 2823 691 2888 &aliis
706 2821 864 2908 spiritualis
878 2824 945 2887 vitae
961 2822 1075 2908 pallum
1090 2822 1219 2909 praebere
1232 2825 1365 2924 ualeatis,

448 2947 498 3019 Etr
512 2944 623 3025 epssaln
639 2943 737 3008 Asbt'nr'
751 2939 917 3023 adfratres
934 2942 1177 3026 lindisfarnelfis
1191 2947 1320 3034 eccsefiae,

660 3031 690 3106 sn
705 3029 896 3114 Higrbaldum
917 3033 1081 3113 episcopum.

405 3149 516 3224 Vellrae
531 3151 730 3224 tribulationis
743 3150 892 3220 calamitas
914 3151 984 3218 licet
1007 3150 1159 3219 absentem·
1182 3155 1315 3221 multnn't
1340 3153 1388 3226 nse

364 3239 499 3323 quotidie
514 3237 676 3312 contristat,
700 3237 822 3322 quando
845 3241 951 3324 pagani
965 3243 1240 3312 contaminaverunt
1254 3242 1387 3318 sanslua·
1451 3289 1452 3294 κ

270 3396 274 3404 .
363 3328 407 3396 ria
422 3327 481 3402 dei,
504 3324 691 3404 &fuderunt
705 3325 878 3408 sanguinem
892 3324 1059 3394 sanstorurn
1083 3331 1114 3392 in
1134 3333 1259 3396 circuitu
1276 3335 1387 3414 altaris,

365 3413 552 3477 vastaverubt
565 3415 689 3478 domum
712 3413 770 3498 spei
795 3414 908 3490 nostrae,
932 3415 1117 3484 calcaverunt
1132 3439 1257 3504 corpora
1271 3417 1388 3486 sensio·

364 3522 432 3565 rum
447 3502 478 3564 in
494 3503 603 3586 templo
617 3503 664 3564 dei
677 3502 761 3586 quafi
772 3497 995 3585 sterquilinium'
1002 3507 1035 3572 in
1050 3504 1158 3588 platea.
1203 3509 1285 3594 Qid
1299 3511 1388 3574 nobis

367 3590 526 3654 dicendum
541 3590 593 3667 eli,
616 3589 669 3654 nist
695 3592 893 3674 plangendum
908 3595 1006 3654 animo
1027 3593 1179 3662 uobiscum
1204 3591 1273 3660 ante
1295 3597 1389 3662 altare

369 3676 489 3758 Christi,
506 3678 661 3757 &dicerer
692 3685 714 3713 “
728 3683 826 3754 Parce,
842 3679 973 3756 domine,
997 3701 1082 3764 parce
1094 3682 1205 3768 populo
1217 3700 1280 3761 tuo,
1304 3688 1334 3750 8r
1349 3707 1389 3750 ne

368 3775 390 3812 ⁴¹
413 3767 465 3830 des
490 3765 683 3837 hereditatem
700 3781 782 3830 tuam
797 3767 947 3850 gentibus,
972 3789 1010 3833 ne
1024 3771 1123 3839 dicant
1137 3774 1253 3856 pagani,
1277 3773 1330 3838 ubi
1344 3774 1389 3840 est

366 3862 389 3892 ⁸‘
411 3856 485 3922 drus
502 3851 778 3934 Christianorumi”
806 3859 882 3938 Qrae
894 3855 936 3919 est
955 3855 1064 3932 fiducia
1075 3859 1202 3934 ecclesiis
1216 3863 1387 3938 Britannis,

365 3940 387 4005 st
402 3939 518 4006 tanaus
532 3942 735 4010 Cuthebertus
749 3963 817 4008 cum
834 3959 919 4008 tanto
939 3941 1109 4010 sansiorum
1122 3968 1247 4014 numero
1259 3969 1319 4012 non
1333 3951 1389 4019 de·

363 4029 480 4093 sendit?
513 4031 576 4106 Aut
590 4030 648 4101 hoc
663 4029 783 4104 initium
797 4032 914 4114 majoris
930 4031 971 4098 est
986 4033 1107 4111 doloris,
1123 4053 1182 4104 aut
1195 4052 1317 4120 peccata
1332 4039 1389 4101 ha·

363 4117 523 4181 bitantium
538 4118 595 4180 boc
613 4134 627 4164 α
644 4134 817 4202 exegerunt.
862 4123 932 4184 Non
947 4122 1087 4206 equidem
1101 4121 1319 4210 casu-contigit,
1335 4125 1389 4196 sed

364 4204 466 4288 magni
483 4205 637 4284 cujussibet
654 4207 751 4270 meriti
765 4207 909 4274 indicium
924 4207 975 4274 est.
1030 4211 1088 4274 Sed
1103 4211 1261 4298 mndo'qui¹
1276 4213 1389 4281 residui

363 4291 430 4374 estis
444 4289 516 4374 state
525 4294 655 4374 viriliter,
671 4309 801 4386 pugnate
811 4291 940 4370 sortiter,
956 4293 1107 4377 defendite
1121 4299 1211 4369 castra
1223 4302 1282 4366 dei.
1319 4305 1389 4368 Me·¹

655 4399 1151 4486 ·ammmm‚„„,
1250 4387 1388 4472 mmm
