2925 4900
205 233 271 298 ms
467 210 1207 326 4Jonuu1sunuauu1

414 375 570 458 Philippus
584 373 623 438 de
632 372 747 438 Valesru
761 393 816 440 rex
827 371 972 446 Franciae,
993 369 1089 457 iquo

416 464 541 526 Carolus
555 463 593 526 de
607 460 722 524 Valefia
743 483 797 525 rex
812 464 930 543 Lupus,
952 460 1049 544 eiquo

304 609 305 614 ,
416 552 575 634 Philippus
590 549 628 612 de
643 547 759 624 lkrlesra
775 569 828 612 rex
842 552 957 631 Lupus,
982 548 1000 609 ὲ
1013 567 1077 633 quo

399 641 402 652 “
418 642 549 720 Joannes
561 657 614 700 rex
628 638 757 700 Franciae
773 640 891 718 Lupus,
913 637 1008 719 itquo
1253 710 1257 716 Ι

418 725 542 788 Carolus
556 726 681 808 quintus
695 745 750 787 rex
760 725 891 786 Franciae
902 727 1020 806 Lupus,
1043 720 1061 784 l
1073 741 1138 809 quo

418 815 543 876 Carolus
558 811 658 876 sextus
672 829 726 874 rex
743 814 872 874 Franciae
885 813 1037 893 Lupus,
1026 831 1120 896 aquo

418 901 543 962 Carolus
557 897 697 981 septimus
712 919 766 961 rex
780 901 909 961 Franciae
925 902 1043 980 Lupus.

418 981 566 1060 Caiarina,
589 987 650 1050 lilia
675 987 704 1050 ἃ
729 987 814 1049 heres
828 983 1025 1063 Carolisexti,
1055 996 1134 1048 uxor
1148 981 1275 1048 Hentiei
1298 980 1356 1070 5¹3,
1378 982 1410 1048 ἃ

375 1089 470 1141 mater
485 1074 605 1137 Henrici
616 1072 698 1137 sexti.

421 1164 562 1246 Sequitur
576 1163 730 1247 progenies
746 1161 1007 1224 Mortimariorum
1030 1159 1069 1224 ab
1087 1153 1276 1223 Eadmundo
1290 1161 1408 1224 comite

401 1268 497 1313 uarto.

376 1273 583 1421 qltogerusa
570 1335 700 1413 aMorti,
723 1338 786 1417 ejus
802 1336 930 1400 nominis
946 1338 1059 1411 tertius,
1083 1336 1352 1414 comesMarcbiae,
1375 1335 1406 1397 Se

376 1426 482 1488 tertius
494 1426 685 1500 Hiberniae,
675 1447 691 1489 a
704 1424 845 1488 Leonello
859 1444 926 1499 avo,
950 1427 979 1486 ἃ
989 1424 1127 1507 Philippa
1139 1438 1237 1488 matre
1251 1421 1316 1489 sua.

422 1515 610 1596 Sequebatur
624 1515 721 1586 Anna,
742 1528 850 1597 quarta
864 1514 1026 1576 Hiberniae.

419 1601 463 1664 Et
477 1599 657 1664 collaterales
673 1598 745 1662 duo.

569 1699 630 1765 bqu
631 1711 694 1748 artus

417 1766 614 1829 Eadmundus
631 1769 790 1852 aquintus
803 1766 947 1833 Marchiae
963 1766 1042 1828 filius
1021 1714 1225 1828 esEadnrundi
1243 1784 1276 1847 3
1268 1767 1325 1828 ·&
1336 1763 1402 1828 Phi·

374 1855 477 1938 lippae.
522 1856 581 1934 Adj
586 1855 693 1924 unitus
709 1854 750 1916 est
762 1856 791 1916 u
803 1855 880 1917 idem
892 1858 1030 1938 Rogems
1042 1852 1200 1921 Mortimer
1209 1849 1272 1916 stne
1282 1854 1381 1917 titulo

418 1877 581 2024 ProgeniesJ.
600 1939 774 2005 Eadmuudi
798 1946 893 2006 Ducis
916 1941 1117 2017 Eboracensts,
1140 1942 1245 2024 quinti
1270 1940 1402 2004 filiorum

376 2029 526 2092 Eaduerdi
543 2049 573 2112 3.
589 2032 667 2116 regis
681 2033 763 2114 Aug:

396 2162 554 2246 Progenies
570 2157 734 2224 Eudmundi
747 2160 939 2244 quintageuiti
949 2155 1127 2222 Eudweardi
1143 2177 1175 2240 3.
1192 2159 1275 2242 regis
1288 2154 1380 2244 Angl:

417 2273 616 2338 Eadmundns
630 2275 694 2339 dux
708 2271 909 2338 Eborac'enfis.

418 2364 587 2425 Richardus
601 2383 701 2426 comes
717 2362 926 2444 Cantabrrgiae.

418 2450 588 2513 Richardus
604 2452 667 2513 dux
682 2448 877 2513 Eboracensrs
891 2472 923 2533 9.
1134 2463 1144 2479 '
1211 2465 1342 2517 Gulielmo

419 2535 579 2613 Elisabeth,
603 2535 779 2601 descendeus
801 2536 819 2599 ἑ
841 2536 993 2601 Richardo
1007 2537 1128 2613 comite,
1151 2533 1253 2620 nupstt
1269 2538 1402 2601 Domino

379 2626 417 2690 de
433 2626 580 2687 Boucher.

423 2711 480 2775 Hic
494 2714 571 2775 linea
595 2712 742 2795 produlia
767 2712 806 2775 de
831 2705 987 2779 Richardo
1008 2709 1118 2773 comite
1141 2710 1346 2793 Grantebrige
1367 2708 1401 2772 ad

380 2821 491 2864 nomen
514 2796 702 2875 Elisabethae,
726 2802 756 2864 &
780 2798 887 2905 altera
895 2799 934 2861 ad
951 2801 1072 2874 Annam
1085 2798 1209 2881 Rogeri,
1234 2817 1267 2863 2.
1290 2799 1402 2862 comitis

378 2889 503 2964 Mercii,
518 2890 709 2965 Mortimarii,
734 2890 834 2952 Tertii
849 2862 1007 2950 Hiberniae

421 2980 468 3037 Ita
483 2991 517 3037 ut
532 2979 620 3040 Anna
634 2990 742 3059 quarta
757 2975 908 3038 Hibemiae
926 2974 1015 3036 titulo
1028 2987 1213 3038 numeretur.

424 3062 622 3125 Eadmuudus
633 3064 790 3125 Mortimer
804 3064 949 3128 comitum
964 3062 1149 3125 Merciorum
1164 3059 1254 3124 titulo
1267 3061 1401 3145 quintus.

424 3146 620 3231 Subsequitur
634 3152 770 3233 Rogerus
784 3150 943 3212 Mortimet
957 3148 1017 3211 fine
1031 3148 1131 3211 titulo.

426 3239 475 3301 Ex
486 3240 574 3300 Anna
584 3237 662 3303 linea
678 3239 714 3299 ad
726 3236 910 3300 Richardum
920 3237 1026 3298 ducem
1038 3232 1250 3299 Eboracensem
1260 3235 1401 3300 deducta.

426 3324 527 3388 Altera
542 3325 616 3387 linea
631 3324 760 3390 dedulla
774 3328 790 3386 l
805 3324 947 3400 Richard,
970 3326 1080 3388 comite
1090 3324 1286 3408 Grantebrig,
1302 3324 1343 3387 ad
1353 3326 1402 3386 Ri-

386 3409 533 3475 chardum
547 3412 653 3477 ducem
668 3410 892 3475 Eboracensem.

222 3515 342 3584 uagom
418 3499 566 3671 stTnhornas
588 3498 778 3577 Wodestolte,
808 3496 1011 3585 sextogenitus
1036 3498 1216 3576 Eadueardi,
1239 3499 1308 3565 dux
1333 3499 1401 3562 Glo

208 3620 210 3623 ·
384 3607 417 3650 ce
444 3609 493 3649 rtae

429 3674 555 3740 Anna
530 3696 555 3757 ej
559 3696 593 3739 us
618 3674 679 3739 filia
701 3692 795 3761 nupta
820 3674 926 3739 comiti
953 3674 991 3739 de
1019 3672 1158 3740 staforde
1171 3672 1187 3722 ὃ
1202 3672 1302 3740 occiso
1322 3673 1403 3761 apud

387 3764 550 3845 Saiopiam.

431 3854 502 3918 Haec
518 3848 617 3936 postea
630 3847 729 3935 uuplit
744 3850 900 3915 Gulielmo
913 3849 1078 3918 Bourcher.

431 4018 575 4082 Henricus
590 4037 688 4081 comes
704 4016 742 4081 de
753 3947 1069 4106 sitistiliusculielini
1075 4015 1224 4085 Boucheri
1236 4019 1266 4082 &
1276 4020 1386 4111 Anne.

337 4256 341 4265 ,
455 4198 458 4204 ’
501 4204 578 4255 asic.
619 4203 689 4268 bSr'c,
704 4205 961 4261 cumsutainduliiouia
1009 4208 1082 4260 sSr'c.
1131 4206 1296 4276 dorcium.

1279 4333 1404 4405 Elisabet
1443 4381 1444 4388 1
