2925 4900
203 207 265 288 362
470 157 1204 284 ‘Joaunrtsnnnaubr

247 336 406 399 Nobilium
430 338 488 412 via,
520 339 680 420 Athesing·
727 354 742 385 α
764 338 1015 423 Athesingsirate.

151 455 155 467 f
205 422 321 501 streete,
345 423 602 509 Watesingsireate
617 447 682 489 cor·
726 422 808 491 Fons
829 428 1016 493 clericorum.

203 532 305 601 rupte.
565 522 570 527 ’
726 515 851 578 Paroch.
869 517 899 576 S.
921 518 1038 581 Nicoiai
1053 516 1090 579 de
1105 517 1294 590 soresdiche.

240 629 243 632 x
727 605 823 665 Extra
838 618 957 685 portam
978 602 1124 689 episcopi.

495 723 602 787 Calices
616 700 702 787 auses
715 724 747 787 in
760 724 830 791 eccl:
846 728 878 789 S.
895 726 985 815 Pauli
998 750 1074 795 anno
1089 731 1132 795 D.
1164 748 1224 809 124
1230 747 1263 815 ς.

414 837 502 899 Caiix
516 838 620 900 Aiardi
633 839 758 920 Decani.

409 926 499 988 Caiix
514 926 639 988 Roberti
652 924 809 991 criffords

390 1066 393 1071 .
409 1014 500 1075 Calix
514 1014 666 1079 Stellatus.

410 1101 501 1163 Calix
518 1100 592 1169 Gul:
611 1103 648 1164 de
667 1108 792 1168 Bruera.

410 1242 567 1302 Feretrum
584 1244 614 1303 S.
631 1242 834 1307 Erkenwaldi.

410 1330 566 1391 Feretrum
581 1331 613 1393 S.
629 1329 750 1395 Melliti.

406 1418 560 1484 Feretrum
573 1415 662 1501 supra
676 1434 759 1503 mag:
773 1416 875 1489 altare.

408 1506 566 1568 Feretrum
586 1510 614 1568 S.
640 1509 795 1570 Laurentii
812 1506 963 1590 portatile.

408 1594 564 1655 Feretrum
580 1594 722 1656 Richardi
737 1592 865 1678 episcopi
882 1616 914 1678 3.

272 1699 279 1727 ν
407 1682 563 1743 Feretrum
578 1681 758 1745 AEthesberti
774 1702 844 1745 cum
858 1681 1012 1767 lapidibus
1036 1684 1181 1767 pretiosis.

411 1817 570 1886 Paffionale
585 1816 622 1879 de
637 1816 754 1880 Scotica
769 1816 863 1882 litera.

197 1961 323 2031 1'suos-
463 1962 514 2024 Ex
528 1958 599 2024 libro
613 1956 822 2039 AEthetwoiphi,
846 1920 922 2021 osias
943 1958 1026 2039 Lupi,
1049 1960 1180 2025 monachi
1200 1961 1275 2027 cesla
1286 1962 1370 2047 five

565 2048 681 2109 coenobii
694 2049 726 2107 S.
743 2046 831 2109 Petri
843 2044 877 2109 de
891 2046 975 2109 rebus
989 2049 1020 2109 in
1035 2068 1065 2109 eo
1080 2050 1180 2133 gestis.
1438 2066 1439 2137 s

404 2164 581 2226 Amicorum
591 2161 773 2245 praestantiss:
788 2179 880 2247 atque
889 2162 1023 2227 disesiiss:
1036 2163 1178 2229 sacerdoti
1192 2190 1307 2253 magno
1320 2176 1404 2257 Ecg·
1438 2142 1439 2165 ³

335 2266 338 2272 ’
360 2252 667 2409 ppptshpdptrpss'bytero
685 2252 796 2322 meritis
813 2254 940 2355 exiguus
959 2252 1153 2339 AEdelwolph
1168 2257 1281 2327 intimae
1301 2262 1403 2331 chari·

378 2505 388 2528 ¹
406 2531 408 2535 ’
450 2506 589 2573 Ecsridus
604 2507 710 2573 ibsesto
724 2507 878 2574 Pisiorum
900 2509 975 2574 dum
990 2511 1070 2574 cadit
1090 2510 1169 2587 ense,

449 2601 497 2662 En
511 2599 621 2661 nothus
637 2600 809 2681 Anglorum
823 2596 982 2682 germanus
997 2602 1130 2683 regmina
1144 2598 1269 2686 sumpsit

303 2720 317 2750 u
447 2682 597 2762 Alsridus,
621 2688 651 2748 ac
671 2703 681 2732 1
703 2702 807 2750 natum
822 2688 1017 2770 genuinum
1032 2691 1153 2752 nomine
1167 2689 1264 2757 clarus

447 2776 599 2841 Gentibus
613 2776 732 2852 enituit,
757 2779 912 2840 Saxonum
929 2777 1063 2860 regmina
1082 2775 1210 2845 servans,

522 2886 523 2889 ’
579 2884 583 2890 ’
754 2889 778 2927 at
795 2895 825 2928 ue

445 2945 554 3020 Gestis,
577 2947 728 3022 &verbis
753 2896 885 3009 &qomni
908 2945 1043 3010 strenuus
1057 2947 1127 3010 astu

445 3037 555 3098 Extitit
569 3033 587 3096 ai
601 3032 705 3117 primis
718 3059 726 3109 3
750 3030 801 3097 sed
823 3055 885 3098 non
900 3035 1072 3098 moderatus
1087 3039 1119 3100 in
1140 3038 1240 3113 annis,
1438 3015 1439 3078 i

444 3122 588 3185 indocilis
605 3123 736 3205 juvenis,
752 3120 858 3206 ⁴sensus
872 3119 1023 3207 nescitque
1039 3124 1175 3208 petulcos

445 3212 635 3273 Subcurvare
649 3213 764 3273 animo,
805 3215 1004 3276 Contemnens
1020 3214 1098 3294 jura‘
1110 3213 1259 3282 Tonantis

442 3301 648 3380 Armipotens,
674 3301 801 3384 propriis
821 3301 948 3364 nimium
964 3302 995 3363 in
1010 3302 1122 3364 viribus
1137 3303 1235 3365 audax

438 3389 510 3447 Non
523 3407 659 3468 proceres
674 3404 828 3451 veneratus
842 3405 915 3451 erat.
961 3393 1031 3452 Non
1042 3387 1357 3474 deniquechristum,

437 3476 483 3536 Ut
498 3474 609 3551 decuit,
633 3475 748 3549 coluit3
772 3480 872 3539 uacuis
887 3474 936 3540 sed
951 3473 1085 3541 subdidit
1101 3497 1222 3542 omnem

436 3563 566 3638 Actibus
581 3565 666 3626 heu!
686 3565 789 3640 vitam,
813 3565 919 3627 mansit
943 3565 1018 3628 dum
1034 3585 1158 3649 corpore
1172 3569 1243 3637 vita.

439 3652 496 3712 Hic
512 3643 604 3734 igitur
619 3654 731 3716 multos
748 3651 910 3717 miseranda
924 3670 1021 3718 morte
1036 3656 1183 3737 peremit:

366 3747 369 3752 “
440 3737 495 3798 Ast
510 3740 582 3803 aiios
598 3743 681 3826 cogit
701 3740 818 3805 summo
832 3739 940 3806 seruire
954 3743 1082 3825 parenti,

365 3879 369 3890 .
440 3831 538 3918 Inque
552 3829 720 3897 monasterii
742 3827 875 3894 attonsos
890 3829 1044 3896 consistere
1066 3829 1167 3916 septis,

634 3943 798 4011 Eanmund
821 3946 887 4012 dux
901 3946 1009 4011 nobilis
1024 3962 1108 4018 natu.

436 4046 486 4118 E'x
506 4055 553 4129 his
566 4080 641 4144 ergo
657 4058 717 4124 suit
732 4065 918 4128 venerandus
938 4070 1057 4132 nomine
1075 4069 1177 4154 pastor

412 4172 415 4181 ·
433 4147 604 4214 Eanmuud.
650 4149 704 4212 Ille
719 4153 789 4232 psus
803 4153 911 4216 Christi
927 4151 1055 4220 sociatus
1075 4160 1188 4238 amicis,

430 4230 559 4302 suibus
577 4238 607 4305 ἃ
626 4234 705 4315 secli,
729 4239 869 4331 promissa
884 4242 922 4304 ad
936 4248 1056 4331 praemia
1075 4250 1183 4319 tendit.
1244 4244 1246 4247 ’

706 4381 721 4422 a
745 4365 766 4415 V
765 4365 800 4422 ide
811 4369 892 4442 paullo
901 4371 1017 4447 superius.

1170 4417 1188 4468 *k
1246 4403 1386 4518 'Nobilis
1438 4391 1439 4406 χ
