<?xml version="1.0" encoding="UTF-8"?>
<!DOCTYPE html PUBLIC "-//W3C//DTD XHTML 1.0 Transitional//EN"
    "http://www.w3.org/TR/xhtml1/DTD/xhtml1-transitional.dtd">
<html xmlns="http://www.w3.org/1999/xhtml" xml:lang="en" lang="en">
 <head>
  <title>
</title>
<meta http-equiv="Content-Type" content="text/html;charset=utf-8" />
  <meta name='ocr-system' content='tesseract 3.04.00' />
  <meta name='ocr-capabilities' content='ocr_page ocr_carea ocr_par ocr_line ocrx_word'/>
</head>
<body>
  <div class='ocr_page' id='page_1' title='image "./joannislelandia13lelagoog_0150.png"; bbox 0 0 2925 4900; ppageno 0'>
   <div class='ocr_carea' id='block_1_1' title="bbox 195 193 1443 334">
    <p class='ocr_par' dir='ltr' id='par_1_1' title="bbox 195 193 1443 334">
     <span class='ocr_line' id='line_1_1' title="bbox 195 193 1443 334; baseline -0.02 -10"><span class='ocrx_word' id='word_1_1' title='bbox 195 257 327 334; x_wconf 55' lang='grc' dir='ltr'>ιιι»</span> <span class='ocrx_word' id='word_1_2' title='bbox 476 235 832 325; x_wconf 76' lang='lat' dir='ltr'>&#39;Jonttnts</span> <span class='ocrx_word' id='word_1_3' title='bbox 891 193 1212 308; x_wconf 66' lang='lat' dir='ltr'>annititur</span> <span class='ocrx_word' id='word_1_4' title='bbox 1442 208 1443 299; x_wconf 88' lang='lat' dir='ltr'>l</span> 
     </span>
    </p>
   </div>
   <div class='ocr_carea' id='block_1_2' title="bbox 413 377 880 985">
    <p class='ocr_par' dir='ltr' id='par_1_2' title="bbox 413 377 880 616">
     <span class='ocr_line' id='line_1_2' title="bbox 413 377 857 441; baseline 0 -1"><span class='ocrx_word' id='word_1_5' title='bbox 413 381 584 440; x_wconf 81' lang='lat' dir='ltr'>Decanatus</span> <span class='ocrx_word' id='word_1_6' title='bbox 600 377 637 440; x_wconf 88' lang='lat' dir='ltr'>de</span> <span class='ocrx_word' id='word_1_7' title='bbox 653 377 857 441; x_wconf 87' lang='lat' dir='ltr'>Wilburham.</span> 
     </span>
     <span class='ocr_line' id='line_1_3' title="bbox 413 465 880 550; baseline 0 -22"><span class='ocrx_word' id='word_1_8' title='bbox 413 466 604 528; x_wconf 84' lang='lat' dir='ltr'>Wilburham</span> <span class='ocrx_word' id='word_1_9' title='bbox 621 485 700 548; x_wconf 85' lang='lat' dir='ltr'>mag:</span> <span class='ocrx_word' id='word_1_10' title='bbox 718 465 880 550; x_wconf 89' lang='lat' dir='ltr'>Templar:</span> 
     </span>
     <span class='ocr_line' id='line_1_4' title="bbox 413 553 618 616; baseline 0 0"><span class='ocrx_word' id='word_1_11' title='bbox 413 553 618 616; x_wconf 83' lang='lat' dir='ltr'>Boteltesham.</span> 
     </span>
    </p>

    <p class='ocr_par' dir='ltr' id='par_1_3' title="bbox 413 639 820 985">
     <span class='ocr_line' id='line_1_5' title="bbox 413 639 776 724; baseline -0.006 -21"><span class='ocrx_word' id='word_1_12' title='bbox 413 642 499 704; x_wconf 84' lang='lat' dir='ltr'>Prior</span> <span class='ocrx_word' id='word_1_13' title='bbox 513 640 550 703; x_wconf 87' lang='lat' dir='ltr'>de</span> <span class='ocrx_word' id='word_1_14' title='bbox 566 644 672 724; x_wconf 87' lang='lat' dir='ltr'>Longa</span> <span class='ocrx_word' id='word_1_15' title='bbox 686 639 776 702; x_wconf 88' lang='lat' dir='ltr'>Villa.</span> 
     </span>
     <span class='ocr_line' id='line_1_6' title="bbox 415 729 753 810; baseline -0.006 -18"><span class='ocrx_word' id='word_1_16' title='bbox 415 729 576 810; x_wconf 84' lang='lat' dir='ltr'>Swaphnm</span> <span class='ocrx_word' id='word_1_17' title='bbox 593 729 753 790; x_wconf 88' lang='lat' dir='ltr'>Mouiales.</span> 
     </span>
     <span class='ocr_line' id='line_1_7' title="bbox 414 815 758 898; baseline -0.015 -19"><span class='ocrx_word' id='word_1_18' title='bbox 414 815 574 897; x_wconf 88' lang='lat' dir='ltr'>Swapham</span> <span class='ocrx_word' id='word_1_19' title='bbox 588 819 626 898; x_wconf 70' lang='lat' dir='ltr'>S.</span> <span class='ocrx_word' id='word_1_20' title='bbox 636 815 758 896; x_wconf 81' lang='lat' dir='ltr'><strong>Syriaci.</strong></span> 
     </span>
     <span class='ocr_line' id='line_1_8' title="bbox 413 902 820 985; baseline 0 -20"><span class='ocrx_word' id='word_1_21' title='bbox 413 904 573 985; x_wconf 87' lang='lat' dir='ltr'>Swaphatn</span> <span class='ocrx_word' id='word_1_22' title='bbox 589 907 689 966; x_wconf 83' lang='lat' dir='ltr'>Beatae</span> <span class='ocrx_word' id='word_1_23' title='bbox 706 902 820 965; x_wconf 85' lang='lat' dir='ltr'>Mariae.</span> 
     </span>
    </p>
   </div>
   <div class='ocr_carea' id='block_1_3' title="bbox 412 991 670 1142">
    <p class='ocr_par' dir='ltr' id='par_1_4' title="bbox 412 991 670 1142">
     <span class='ocr_line' id='line_1_9' title="bbox 414 991 670 1055; baseline 0.008 -2"><span class='ocrx_word' id='word_1_24' title='bbox 414 991 670 1055; x_wconf 87' lang='lat' dir='ltr'>Stenecheworde.</span> 
     </span>
     <span class='ocr_line' id='line_1_10' title="bbox 412 1078 575 1142; baseline 0 0"><span class='ocrx_word' id='word_1_25' title='bbox 412 1078 575 1142; x_wconf 85' lang='lat' dir='ltr'>Balelham.</span> 
     </span>
    </p>
   </div>
   <div class='ocr_carea' id='block_1_4' title="bbox 414 1171 1158 1332">
    <p class='ocr_par' dir='ltr' id='par_1_5' title="bbox 414 1171 1158 1332">
     <span class='ocr_line' id='line_1_11' title="bbox 677 1171 1158 1244; baseline 0 -2"><span class='ocrx_word' id='word_1_26' title='bbox 677 1181 827 1244; x_wconf 74' lang='lat' dir='ltr'>Halienus</span> <span class='ocrx_word' id='word_1_27' title='bbox 844 1171 862 1240; x_wconf 73' lang='grc' dir='ltr'><strong>ὲ</strong></span> <span class='ocrx_word' id='word_1_28' title='bbox 877 1175 968 1240; x_wconf 85' lang='lat' dir='ltr'>libello</span> <span class='ocrx_word' id='word_1_29' title='bbox 981 1176 1158 1242; x_wconf 79' lang='lat' dir='ltr'>taxationis.</span> 
     </span>
     <span class='ocr_line' id='line_1_12' title="bbox 414 1273 576 1332; baseline 0 -1"><span class='ocrx_word' id='word_1_30' title='bbox 414 1273 576 1332; x_wconf 90' lang='lat' dir='ltr'>Barenton.</span> 
     </span>
    </p>
   </div>
   <div class='ocr_carea' id='block_1_5' title="bbox 152 1358 1403 1542">
    <p class='ocr_par' dir='ltr' id='par_1_6' title="bbox 152 1358 1403 1523">
     <span class='ocr_line' id='line_1_13' title="bbox 152 1358 965 1441; baseline 0.005 -23"><span class='ocrx_word' id='word_1_31' title='bbox 152 1423 154 1428; x_wconf 64' lang='grc'>,</span> <span class='ocrx_word' id='word_1_32' title='bbox 415 1358 591 1441; x_wconf 86' lang='lat' dir='ltr'>Shepereye.</span> <span class='ocrx_word' id='word_1_33' title='bbox 959 1409 965 1422; x_wconf 88' lang='lat'><strong>.</strong></span> 
     </span>
     <span class='ocr_line' id='line_1_14' title="bbox 270 1436 1403 1542; baseline 0.007 -48"><span class='ocrx_word' id='word_1_34' title='bbox 270 1465 273 1470; x_wconf 95' lang='lat'>·</span> <span class='ocrx_word' id='word_1_35' title='bbox 302 1445 333 1494; x_wconf 85' lang='grc' dir='ltr'><strong>Ρ</strong></span> <span class='ocrx_word' id='word_1_36' title='bbox 322 1460 358 1510; x_wconf 77' lang='lat' dir='ltr'><strong>g</strong></span> <span class='ocrx_word' id='word_1_37' title='bbox 371 1449 417 1492; x_wconf 89' lang='lat'><strong><em>⁶</em></strong></span> <span class='ocrx_word' id='word_1_38' title='bbox 390 1460 427 1504; x_wconf 87' lang='lat'>3</span> <span class='ocrx_word' id='word_1_39' title='bbox 771 1442 886 1504; x_wconf 86' lang='lat' dir='ltr'>Fratres</span> <span class='ocrx_word' id='word_1_40' title='bbox 900 1438 937 1501; x_wconf 90' lang='lat' dir='ltr'>de</span> <span class='ocrx_word' id='word_1_41' title='bbox 952 1439 1091 1503; x_wconf 88' lang='lat' dir='ltr'>Carmelo</span> <span class='ocrx_word' id='word_1_42' title='bbox 1106 1440 1206 1542; x_wconf 81' lang='lat' dir='ltr'>primo</span> <span class='ocrx_word' id='word_1_43' title='bbox 1222 1436 1403 1504; x_wconf 89' lang='lat' dir='ltr'>habitabant</span> 
     </span>
    </p>
   </div>
   <div class='ocr_carea' id='block_1_6' title="bbox 201 1527 1442 4251">
    <p class='ocr_par' dir='ltr' id='par_1_7' title="bbox 201 1527 1402 2120">
     <span class='ocr_line' id='line_1_15' title="bbox 356 1527 1402 1611; baseline 0.001 -21"><span class='ocrx_word' id='word_1_44' title='bbox 356 1529 534 1594; x_wconf 81' lang='lat' dir='ltr'>Carmelitae.</span> <span class='ocrx_word' id='word_1_45' title='bbox 598 1539 603 1548; x_wconf 82' lang='lat'><strong>‘</strong></span> <span class='ocrx_word' id='word_1_46' title='bbox 727 1529 807 1609; x_wconf 90' lang='lat' dir='ltr'>apud</span> <span class='ocrx_word' id='word_1_47' title='bbox 822 1527 977 1592; x_wconf 84' lang='lat' dir='ltr'>Cesireton</span> <span class='ocrx_word' id='word_1_48' title='bbox 1000 1529 1124 1605; x_wconf 89' lang='lat' dir='ltr'>inloco,</span> <span class='ocrx_word' id='word_1_49' title='bbox 1151 1529 1204 1611; x_wconf 91' lang='lat' dir='ltr'>qui</span> <span class='ocrx_word' id='word_1_50' title='bbox 1225 1527 1339 1611; x_wconf 86' lang='lat' dir='ltr'>appell.</span> <span class='ocrx_word' id='word_1_51' title='bbox 1359 1533 1402 1591; x_wconf 87' lang='lat' dir='ltr'>Le</span> 
     </span>
     <span class='ocr_line' id='line_1_16' title="bbox 204 1614 1402 1702; baseline -0.003 -20"><span class='ocrx_word' id='word_1_52' title='bbox 204 1621 318 1682; x_wconf 75' lang='lat' dir='ltr'>fratres</span> <span class='ocrx_word' id='word_1_53' title='bbox 333 1617 427 1680; x_wconf 85' lang='lat' dir='ltr'>beatae</span> <span class='ocrx_word' id='word_1_54' title='bbox 443 1618 574 1679; x_wconf 84' lang='lat' dir='ltr'>Mariae</span> <span class='ocrx_word' id='word_1_55' title='bbox 567 1636 681 1702; x_wconf 82' lang='lat' dir='ltr'>rneepe-</span> <span class='ocrx_word' id='word_1_56' title='bbox 728 1618 845 1690; x_wconf 88' lang='lat' dir='ltr'>Carme,</span> <span class='ocrx_word' id='word_1_57' title='bbox 880 1618 910 1678; x_wconf 75' lang='grc' dir='ltr'><strong>ἃ</strong></span> <span class='ocrx_word' id='word_1_58' title='bbox 936 1614 1108 1679; x_wconf 88' lang='lat' dir='ltr'>habueruut</span> <span class='ocrx_word' id='word_1_59' title='bbox 1136 1616 1247 1701; x_wconf 84' lang='lat' dir='ltr'>singuli</span> <span class='ocrx_word' id='word_1_60' title='bbox 1275 1616 1402 1679; x_wconf 85' lang='lat' dir='ltr'>cellulas</span> 
     </span>
     <span class='ocr_line' id='line_1_17' title="bbox 203 1700 867 1786; baseline -0.003 -18"><span class='ocrx_word' id='word_1_61' title='bbox 203 1721 275 1769; x_wconf 88' lang='lat' dir='ltr'>runt</span> <span class='ocrx_word' id='word_1_62' title='bbox 285 1705 448 1769; x_wconf 73' lang='lat' dir='ltr'>adificare</span> <span class='ocrx_word' id='word_1_63' title='bbox 442 1725 472 1766; x_wconf 89' lang='grc' dir='ltr'>ιιι</span> <span class='ocrx_word' id='word_1_64' title='bbox 482 1705 602 1786; x_wconf 87' lang='lat' dir='ltr'>paroch</span> <span class='ocrx_word' id='word_1_65' title='bbox 615 1725 681 1764; x_wconf 92' lang='lat' dir='ltr'>om·</span> <span class='ocrx_word' id='word_1_66' title='bbox 725 1700 867 1786; x_wconf 76' lang='lat' dir='ltr'>singulas</span> 
     </span>
     <span class='ocr_line' id='line_1_18' title="bbox 202 1787 1400 1873; baseline -0.001 -19"><span class='ocrx_word' id='word_1_67' title='bbox 202 1795 288 1856; x_wconf 91' lang='lat' dir='ltr'>nium</span> <span class='ocrx_word' id='word_1_68' title='bbox 298 1793 478 1858; x_wconf 77' lang='lat' dir='ltr'>Sansiorum</span> <span class='ocrx_word' id='word_1_69' title='bbox 489 1793 526 1853; x_wconf 89' lang='lat' dir='ltr'>ad</span> <span class='ocrx_word' id='word_1_70' title='bbox 541 1789 680 1865; x_wconf 86' lang='lat' dir='ltr'>casltum,</span> <span class='ocrx_word' id='word_1_71' title='bbox 770 1791 873 1854; x_wconf 88' lang='lat' dir='ltr'>Postea</span> <span class='ocrx_word' id='word_1_72' title='bbox 884 1788 913 1854; x_wconf 92' lang='lat' dir='ltr'>se</span> <span class='ocrx_word' id='word_1_73' title='bbox 928 1790 1139 1855; x_wconf 84' lang='lat' dir='ltr'>transtulerunt</span> <span class='ocrx_word' id='word_1_74' title='bbox 1153 1787 1249 1873; x_wconf 87' lang='lat' dir='ltr'>usque</span> <span class='ocrx_word' id='word_1_75' title='bbox 1259 1791 1300 1853; x_wconf 87' lang='lat' dir='ltr'>ad</span> <span class='ocrx_word' id='word_1_76' title='bbox 1308 1795 1400 1856; x_wconf 87' lang='lat' dir='ltr'>New-</span> 
     </span>
     <span class='ocr_line' id='line_1_19' title="bbox 202 1877 1401 1985; baseline 0.002 -44"><span class='ocrx_word' id='word_1_77' title='bbox 202 1877 292 1942; x_wconf 91' lang='lat' dir='ltr'>sed</span> <span class='ocrx_word' id='word_1_78' title='bbox 265 1902 338 1985; x_wconf 34' lang='lat' dir='ltr'>per-J</span> <span class='ocrx_word' id='word_1_79' title='bbox 326 1879 544 1962; x_wconf 74' lang='lat' dir='ltr'>jasiumlapilli</span> <span class='ocrx_word' id='word_1_80' title='bbox 558 1880 680 1940; x_wconf 87' lang='lat' dir='ltr'>nuncia·</span> <span class='ocrx_word' id='word_1_81' title='bbox 724 1879 832 1940; x_wconf 88' lang='lat' dir='ltr'>enham</span> <span class='ocrx_word' id='word_1_82' title='bbox 853 1894 937 1941; x_wconf 87' lang='lat' dir='ltr'>extra</span> <span class='ocrx_word' id='word_1_83' title='bbox 951 1881 1126 1964; x_wconf 84' lang='lat' dir='ltr'>Cantabrig:</span> <span class='ocrx_word' id='word_1_84' title='bbox 1143 1881 1172 1942; x_wconf 72' lang='grc' dir='ltr'><strong>ἃ</strong></span> <span class='ocrx_word' id='word_1_85' title='bbox 1194 1877 1333 1943; x_wconf 83' lang='lat' dir='ltr'>fecerunt</span> <span class='ocrx_word' id='word_1_86' title='bbox 1360 1881 1401 1943; x_wconf 89' lang='lat' dir='ltr'>ibi</span> 
     </span>
     <span class='ocr_line' id='line_1_20' title="bbox 201 1963 1399 2051; baseline -0.002 -19"><span class='ocrx_word' id='word_1_87' title='bbox 201 1968 326 2032; x_wconf 86' lang='lat' dir='ltr'>batur</span> <span class='ocrx_word' id='word_1_88' title='bbox 301 1989 342 2032; x_wconf 87' lang='lat' dir='ltr'>ers</span> <span class='ocrx_word' id='word_1_89' title='bbox 353 1988 465 2031; x_wconf 88' lang='lat' dir='ltr'>novum</span> <span class='ocrx_word' id='word_1_90' title='bbox 476 1988 561 2051; x_wconf 90' lang='lat' dir='ltr'>opus</span> <span class='ocrx_word' id='word_1_91' title='bbox 572 1963 680 2030; x_wconf 88' lang='lat' dir='ltr'>scilicet</span> <span class='ocrx_word' id='word_1_92' title='bbox 724 1965 843 2028; x_wconf 84' lang='lat' dir='ltr'>cellulas</span> <span class='ocrx_word' id='word_1_93' title='bbox 859 1967 970 2049; x_wconf 88' lang='lat' dir='ltr'>plures,</span> <span class='ocrx_word' id='word_1_94' title='bbox 986 1966 1210 2050; x_wconf 79' lang='lat' dir='ltr'>ecclesiamque,</span> <span class='ocrx_word' id='word_1_95' title='bbox 1226 1967 1399 2043; x_wconf 83' lang='lat' dir='ltr'>claustrum,</span> 
     </span>
     <span class='ocr_line' id='line_1_21' title="bbox 202 2053 1399 2131; baseline 0.001 -14"><span class='ocrx_word' id='word_1_96' title='bbox 202 2075 281 2119; x_wconf 81' lang='lat' dir='ltr'>anno</span> <span class='ocrx_word' id='word_1_97' title='bbox 294 2061 335 2120; x_wconf 91' lang='lat' dir='ltr'>D.</span> <span class='ocrx_word' id='word_1_98' title='bbox 357 2075 450 2120; x_wconf 87' lang='lat'><strong>1200.</strong></span> <span class='ocrx_word' id='word_1_99' title='bbox 725 2056 755 2115; x_wconf 85' lang='lat'>&amp;</span> <span class='ocrx_word' id='word_1_100' title='bbox 777 2055 999 2131; x_wconf 87' lang='lat' dir='ltr'>dormitorium,</span> <span class='ocrx_word' id='word_1_101' title='bbox 1031 2059 1061 2118; x_wconf 74' lang='lat' dir='ltr'>lic</span> <span class='ocrx_word' id='word_1_102' title='bbox 1089 2054 1222 2118; x_wconf 77' lang='lat' dir='ltr'>officInas</span> <span class='ocrx_word' id='word_1_103' title='bbox 1251 2053 1319 2118; x_wconf 83' lang='lat' dir='ltr'>satis</span> <span class='ocrx_word' id='word_1_104' title='bbox 1344 2055 1399 2118; x_wconf 83' lang='lat' dir='ltr'>ho</span> 
     </span>
    </p>

    <p class='ocr_par' dir='ltr' id='par_1_8' title="bbox 369 2138 1400 2227">
     <span class='ocr_line' id='line_1_22' title="bbox 369 2138 1400 2227; baseline -0.002 -19"><span class='ocrx_word' id='word_1_105' title='bbox 369 2143 464 2208; x_wconf 85' lang='lat' dir='ltr'>nestas</span> <span class='ocrx_word' id='word_1_106' title='bbox 479 2141 748 2206; x_wconf 81' lang='lat' dir='ltr'>construxerunt.</span> <span class='ocrx_word' id='word_1_107' title='bbox 764 2138 805 2204; x_wconf 84' lang='lat' dir='ltr'>Et</span> <span class='ocrx_word' id='word_1_108' title='bbox 821 2143 941 2213; x_wconf 82' lang='lat' dir='ltr'>ibidem</span> <span class='ocrx_word' id='word_1_109' title='bbox 957 2165 1009 2227; x_wconf 87' lang='lat' dir='ltr'>per</span> <span class='ocrx_word' id='word_1_110' title='bbox 1024 2165 1078 2222; x_wconf 89' lang='lat'>40.</span> <span class='ocrx_word' id='word_1_111' title='bbox 1104 2164 1196 2206; x_wconf 84' lang='lat' dir='ltr'>annos</span> <span class='ocrx_word' id='word_1_112' title='bbox 1219 2165 1338 2206; x_wconf 87' lang='lat' dir='ltr'>moram</span> <span class='ocrx_word' id='word_1_113' title='bbox 1353 2143 1400 2207; x_wconf 87' lang='lat' dir='ltr'>se·</span> 
     </span>
    </p>

    <p class='ocr_par' dir='ltr' id='par_1_9' title="bbox 258 2230 1442 2843">
     <span class='ocr_line' id='line_1_23' title="bbox 361 2230 1398 2316; baseline -0.002 -20"><span class='ocrx_word' id='word_1_114' title='bbox 361 2230 484 2296; x_wconf 60' lang='lat' dir='ltr'>uerunt.</span> <span class='ocrx_word' id='word_1_115' title='bbox 531 2235 622 2293; x_wconf 90' lang='lat' dir='ltr'>Tunc</span> <span class='ocrx_word' id='word_1_116' title='bbox 637 2231 762 2314; x_wconf 90' lang='lat' dir='ltr'>quidem</span> <span class='ocrx_word' id='word_1_117' title='bbox 778 2251 857 2293; x_wconf 85' lang='lat' dir='ltr'>anno</span> <span class='ocrx_word' id='word_1_118' title='bbox 872 2235 912 2294; x_wconf 92' lang='lat' dir='ltr'>D.</span> <span class='ocrx_word' id='word_1_119' title='bbox 932 2251 1025 2313; x_wconf 83' lang='lat'><strong>1290.</strong></span> <span class='ocrx_word' id='word_1_120' title='bbox 1047 2247 1242 2316; x_wconf 77' lang='lat' dir='ltr'>mutaverunt</span> <span class='ocrx_word' id='word_1_121' title='bbox 1258 2231 1398 2294; x_wconf 90' lang='lat' dir='ltr'>habitum</span> 
     </span>
     <span class='ocr_line' id='line_1_24' title="bbox 369 2317 1398 2403; baseline -0.001 -19"><span class='ocrx_word' id='word_1_122' title='bbox 369 2318 456 2384; x_wconf 90' lang='lat' dir='ltr'>sunm</span> <span class='ocrx_word' id='word_1_123' title='bbox 470 2338 572 2382; x_wconf 87' lang='lat' dir='ltr'>omnes</span> <span class='ocrx_word' id='word_1_124' title='bbox 594 2317 698 2382; x_wconf 81' lang='lat' dir='ltr'>fratres</span> <span class='ocrx_word' id='word_1_125' title='bbox 717 2321 755 2382; x_wconf 91' lang='lat' dir='ltr'>de</span> <span class='ocrx_word' id='word_1_126' title='bbox 780 2319 883 2382; x_wconf 89' lang='lat' dir='ltr'>eodem</span> <span class='ocrx_word' id='word_1_127' title='bbox 902 2321 1009 2384; x_wconf 85' lang='lat' dir='ltr'>ordine</span> <span class='ocrx_word' id='word_1_128' title='bbox 1037 2341 1088 2400; x_wconf 90' lang='lat' dir='ltr'>per</span> <span class='ocrx_word' id='word_1_129' title='bbox 1110 2319 1204 2403; x_wconf 84' lang='lat' dir='ltr'>Angl·</span> <span class='ocrx_word' id='word_1_130' title='bbox 1220 2321 1398 2402; x_wconf 82' lang='lat' dir='ltr'>accipientes</span> 
     </span>
     <span class='ocr_line' id='line_1_25' title="bbox 368 2407 1399 2495; baseline -0.001 -23"><span class='ocrx_word' id='word_1_131' title='bbox 368 2430 456 2491; x_wconf 84' lang='lat' dir='ltr'>capus</span> <span class='ocrx_word' id='word_1_132' title='bbox 472 2408 561 2483; x_wconf 85' lang='lat' dir='ltr'>albas,</span> <span class='ocrx_word' id='word_1_133' title='bbox 586 2408 638 2490; x_wconf 90' lang='lat' dir='ltr'>qui</span> <span class='ocrx_word' id='word_1_134' title='bbox 656 2408 738 2490; x_wconf 80' lang='lat' dir='ltr'>priua</span> <span class='ocrx_word' id='word_1_135' title='bbox 753 2407 848 2470; x_wconf 86' lang='lat' dir='ltr'>vestiti</span> <span class='ocrx_word' id='word_1_136' title='bbox 863 2424 946 2471; x_wconf 85' lang='lat' dir='ltr'>erant</span> <span class='ocrx_word' id='word_1_137' title='bbox 973 2409 1069 2492; x_wconf 80' lang='lat' dir='ltr'>palliis</span> <span class='ocrx_word' id='word_1_138' title='bbox 1092 2407 1274 2492; x_wconf 85' lang='lat' dir='ltr'>stragulatis.</span> <span class='ocrx_word' id='word_1_139' title='bbox 1326 2412 1399 2495; x_wconf 82' lang='lat' dir='ltr'>Qu</span> 
     </span>
     <span class='ocr_line' id='line_1_26' title="bbox 258 2494 1442 2580; baseline 0.002 -21"><span class='ocrx_word' id='word_1_140' title='bbox 258 2496 264 2507; x_wconf 69' lang='lat'><strong>⁴</strong></span> <span class='ocrx_word' id='word_1_141' title='bbox 368 2496 451 2559; x_wconf 75' lang='lat' dir='ltr'>sasto</span> <span class='ocrx_word' id='word_1_142' title='bbox 467 2496 532 2579; x_wconf 91' lang='lat' dir='ltr'>post</span> <span class='ocrx_word' id='word_1_143' title='bbox 546 2497 697 2558; x_wconf 86' lang='lat' dir='ltr'>brenntum</span> <span class='ocrx_word' id='word_1_144' title='bbox 713 2494 742 2557; x_wconf 89' lang='lat' dir='ltr'>se</span> <span class='ocrx_word' id='word_1_145' title='bbox 763 2494 1005 2558; x_wconf 82' lang='lat' dir='ltr'>transtulerunt</span> <span class='ocrx_word' id='word_1_146' title='bbox 997 2519 1028 2560; x_wconf 92' lang='grc' dir='ltr'>ιιι</span> <span class='ocrx_word' id='word_1_147' title='bbox 1044 2496 1146 2560; x_wconf 87' lang='lat' dir='ltr'>villam</span> <span class='ocrx_word' id='word_1_148' title='bbox 1172 2497 1348 2580; x_wconf 85' lang='lat' dir='ltr'>Cantabrig:</span> <span class='ocrx_word' id='word_1_149' title='bbox 1371 2499 1442 2564; x_wconf 84' lang='lat'>&amp;3</span> 
     </span>
     <span class='ocr_line' id='line_1_27' title="bbox 368 2569 1442 2680; baseline 0.002 -33"><span class='ocrx_word' id='word_1_150' title='bbox 368 2585 411 2647; x_wconf 91' lang='lat' dir='ltr'>ibi</span> <span class='ocrx_word' id='word_1_151' title='bbox 434 2583 582 2646; x_wconf 78' lang='lat' dir='ltr'>aedificare</span> <span class='ocrx_word' id='word_1_152' title='bbox 605 2599 769 2666; x_wconf 83' lang='lat' dir='ltr'>coeperunt,</span> <span class='ocrx_word' id='word_1_153' title='bbox 794 2584 826 2645; x_wconf 71' lang='grc' dir='ltr'>ἃ</span> <span class='ocrx_word' id='word_1_154' title='bbox 850 2583 1000 2652; x_wconf 87' lang='lat' dir='ltr'>ecclesiam</span> <span class='ocrx_word' id='word_1_155' title='bbox 1026 2606 1134 2649; x_wconf 85' lang='lat' dir='ltr'>novam</span> <span class='ocrx_word' id='word_1_156' title='bbox 1156 2569 1442 2661; x_wconf 80' lang='lat' dir='ltr'>construxerunt,</span> <span class='ocrx_word' id='word_1_157' title='bbox 1441 2639 1442 2680; x_wconf 35' lang='lat' dir='ltr'>p</span> 
     </span>
     <span class='ocr_line' id='line_1_28' title="bbox 371 2669 1442 2756; baseline 0.002 -22"><span class='ocrx_word' id='word_1_158' title='bbox 371 2692 440 2756; x_wconf 84' lang='lat' dir='ltr'>quae</span> <span class='ocrx_word' id='word_1_159' title='bbox 452 2670 505 2732; x_wconf 90' lang='lat' dir='ltr'>srta</span> <span class='ocrx_word' id='word_1_160' title='bbox 519 2669 580 2732; x_wconf 85' lang='lat' dir='ltr'>esi</span> <span class='ocrx_word' id='word_1_161' title='bbox 573 2691 604 2732; x_wconf 89' lang='lat' dir='ltr'>rn</span> <span class='ocrx_word' id='word_1_162' title='bbox 620 2671 760 2754; x_wconf 89' lang='lat' dir='ltr'>parochia</span> <span class='ocrx_word' id='word_1_163' title='bbox 776 2674 808 2733; x_wconf 88' lang='lat' dir='ltr'>S.</span> <span class='ocrx_word' id='word_1_164' title='bbox 824 2673 966 2753; x_wconf 86' lang='lat' dir='ltr'>Joannis</span> <span class='ocrx_word' id='word_1_165' title='bbox 959 2695 989 2735; x_wconf 91' lang='grc' dir='ltr'>ιιι</span> <span class='ocrx_word' id='word_1_166' title='bbox 1004 2671 1213 2736; x_wconf 87' lang='lat' dir='ltr'>Milnestreate.</span> <span class='ocrx_word' id='word_1_167' title='bbox 1307 2731 1311 2737; x_wconf 85' lang='grc'><em>,</em></span> <span class='ocrx_word' id='word_1_168' title='bbox 1441 2689 1442 2706; x_wconf 66' lang='grc'>’</span> 
     </span>
     <span class='ocr_line' id='line_1_29' title="bbox 414 2758 1398 2843; baseline 0.002 -20"><span class='ocrx_word' id='word_1_169' title='bbox 414 2764 454 2823; x_wconf 87' lang='grc' dir='ltr'>Ει</span> <span class='ocrx_word' id='word_1_170' title='bbox 468 2780 530 2823; x_wconf 93' lang='lat' dir='ltr'>non</span> <span class='ocrx_word' id='word_1_171' title='bbox 545 2759 641 2822; x_wconf 90' lang='lat' dir='ltr'>multo</span> <span class='ocrx_word' id='word_1_172' title='bbox 655 2759 855 2843; x_wconf 86' lang='lat' dir='ltr'>postquidam</span> <span class='ocrx_word' id='word_1_173' title='bbox 866 2758 958 2823; x_wconf 88' lang='lat' dir='ltr'>frater</span> <span class='ocrx_word' id='word_1_174' title='bbox 972 2760 1008 2822; x_wconf 93' lang='lat' dir='ltr'>de</span> <span class='ocrx_word' id='word_1_175' title='bbox 1023 2761 1089 2823; x_wconf 94' lang='lat' dir='ltr'>ord.</span> <span class='ocrx_word' id='word_1_176' title='bbox 1106 2761 1260 2823; x_wconf 88' lang='lat' dir='ltr'>Carmelit.</span> <span class='ocrx_word' id='word_1_177' title='bbox 1277 2763 1398 2825; x_wconf 91' lang='lat' dir='ltr'>nomine</span> 
     </span>
    </p>

    <p class='ocr_par' dir='ltr' id='par_1_10' title="bbox 371 2846 1397 2951">
     <span class='ocr_line' id='line_1_30' title="bbox 371 2846 1397 2951; baseline 0 -39"><span class='ocrx_word' id='word_1_178' title='bbox 371 2846 560 2922; x_wconf 88' lang='lat' dir='ltr'>Humsridus,</span> <span class='ocrx_word' id='word_1_179' title='bbox 584 2848 621 2910; x_wconf 82' lang='lat' dir='ltr'>ad</span> <span class='ocrx_word' id='word_1_180' title='bbox 632 2870 734 2932; x_wconf 84' lang='lat' dir='ltr'>preces</span> <span class='ocrx_word' id='word_1_181' title='bbox 747 2850 784 2911; x_wconf 91' lang='lat' dir='ltr'>de</span> <span class='ocrx_word' id='word_1_182' title='bbox 796 2849 870 2909; x_wconf 90' lang='lat' dir='ltr'>Gul.</span> <span class='ocrx_word' id='word_1_183' title='bbox 887 2849 925 2911; x_wconf 86' lang='lat' dir='ltr'>de</span> <span class='ocrx_word' id='word_1_184' title='bbox 936 2850 1026 2915; x_wconf 78' lang='lat' dir='ltr'>Ludat</span> <span class='ocrx_word' id='word_1_185' title='bbox 1039 2848 1167 2951; x_wconf 86' lang='lat' dir='ltr'>episcopi</span> <span class='ocrx_word' id='word_1_186' title='bbox 1183 2849 1323 2926; x_wconf 82' lang='lat' dir='ltr'>Eliensrs,</span> <span class='ocrx_word' id='word_1_187' title='bbox 1347 2852 1397 2912; x_wconf 85' lang='lat' dir='ltr'>ha·</span> 
     </span>
    </p>

    <p class='ocr_par' dir='ltr' id='par_1_11' title="bbox 369 2936 1398 3021">
     <span class='ocr_line' id='line_1_31' title="bbox 369 2936 1398 3021; baseline 0.001 -22"><span class='ocrx_word' id='word_1_188' title='bbox 369 2938 437 2999; x_wconf 92' lang='lat' dir='ltr'>buit</span> <span class='ocrx_word' id='word_1_189' title='bbox 451 2938 599 3001; x_wconf 77' lang='lat' dir='ltr'>licentiam</span> <span class='ocrx_word' id='word_1_190' title='bbox 615 2938 796 3020; x_wconf 80' lang='lat' dir='ltr'>incipiendi</span> <span class='ocrx_word' id='word_1_191' title='bbox 790 2959 819 2999; x_wconf 93' lang='lat' dir='ltr'>tn</span> <span class='ocrx_word' id='word_1_192' title='bbox 831 2936 1015 3019; x_wconf 83' lang='lat' dir='ltr'>Theologia‚</span> <span class='ocrx_word' id='word_1_193' title='bbox 1038 2959 1092 3020; x_wconf 87' lang='lat' dir='ltr'>qut</span> <span class='ocrx_word' id='word_1_194' title='bbox 1083 2936 1280 3019; x_wconf 88' lang='lat' dir='ltr'>posteacito</span> <span class='ocrx_word' id='word_1_195' title='bbox 1295 2939 1398 3021; x_wconf 88' lang='lat' dir='ltr'>incipit</span> 
     </span>
    </p>

    <p class='ocr_par' dir='ltr' id='par_1_12' title="bbox 368 3020 1397 3198">
     <span class='ocr_line' id='line_1_32' title="bbox 368 3020 1397 3110; baseline 0.002 -23"><span class='ocrx_word' id='word_1_196' title='bbox 368 3023 535 3098; x_wconf 88' lang='lat' dir='ltr'>solenniter,</span> <span class='ocrx_word' id='word_1_197' title='bbox 559 3027 589 3086; x_wconf 72' lang='lat' dir='ltr'>a</span> <span class='ocrx_word' id='word_1_198' title='bbox 606 3025 680 3108; x_wconf 83' lang='lat' dir='ltr'>legit</span> <span class='ocrx_word' id='word_1_199' title='bbox 705 3026 735 3087; x_wconf 92' lang='lat' dir='ltr'>in</span> <span class='ocrx_word' id='word_1_200' title='bbox 750 3023 856 3087; x_wconf 86' lang='lat' dir='ltr'>scholis</span> <span class='ocrx_word' id='word_1_201' title='bbox 871 3020 939 3100; x_wconf 75' lang='lat' dir='ltr'>suia,</span> <span class='ocrx_word' id='word_1_202' title='bbox 963 3022 1117 3105; x_wconf 83' lang='lat' dir='ltr'>scilicetin</span> <span class='ocrx_word' id='word_1_203' title='bbox 1140 3027 1207 3088; x_wconf 88' lang='lat' dir='ltr'>loco</span> <span class='ocrx_word' id='word_1_204' title='bbox 1222 3047 1303 3087; x_wconf 88' lang='lat' dir='ltr'>novo</span> <span class='ocrx_word' id='word_1_205' title='bbox 1326 3048 1397 3110; x_wconf 88' lang='lat' dir='ltr'>prae·</span> 
     </span>
     <span class='ocr_line' id='line_1_33' title="bbox 368 3110 1396 3198; baseline 0.003 -23"><span class='ocrx_word' id='word_1_206' title='bbox 368 3127 485 3175; x_wconf 87' lang='lat' dir='ltr'>notato.</span> <span class='ocrx_word' id='word_1_207' title='bbox 523 3110 580 3175; x_wconf 84' lang='lat' dir='ltr'>Ille</span> <span class='ocrx_word' id='word_1_208' title='bbox 591 3110 649 3174; x_wconf 86' lang='lat' dir='ltr'>suit</span> <span class='ocrx_word' id='word_1_209' title='bbox 659 3113 774 3195; x_wconf 89' lang='lat' dir='ltr'>primus</span> <span class='ocrx_word' id='word_1_210' title='bbox 786 3115 839 3195; x_wconf 89' lang='lat' dir='ltr'>qui</span> <span class='ocrx_word' id='word_1_211' title='bbox 851 3114 977 3195; x_wconf 83' lang='lat' dir='ltr'>gratiam</span> <span class='ocrx_word' id='word_1_212' title='bbox 991 3113 1097 3178; x_wconf 89' lang='lat' dir='ltr'>habuit</span> <span class='ocrx_word' id='word_1_213' title='bbox 1111 3114 1271 3198; x_wconf 86' lang='lat' dir='ltr'>incipiendi</span> <span class='ocrx_word' id='word_1_214' title='bbox 1282 3114 1320 3177; x_wconf 90' lang='lat' dir='ltr'>de</span> <span class='ocrx_word' id='word_1_215' title='bbox 1332 3116 1396 3178; x_wconf 83' lang='lat' dir='ltr'>ord:</span> 
     </span>
    </p>

    <p class='ocr_par' dir='ltr' id='par_1_13' title="bbox 369 3200 916 3284">
     <span class='ocr_line' id='line_1_34' title="bbox 369 3200 916 3284; baseline -0.002 -19"><span class='ocrx_word' id='word_1_216' title='bbox 369 3200 497 3265; x_wconf 83' lang='lat' dir='ltr'>Carmel:</span> <span class='ocrx_word' id='word_1_217' title='bbox 515 3202 545 3263; x_wconf 93' lang='lat' dir='ltr'>in</span> <span class='ocrx_word' id='word_1_218' title='bbox 561 3200 722 3264; x_wconf 87' lang='lat' dir='ltr'>Universrt:</span> <span class='ocrx_word' id='word_1_219' title='bbox 743 3201 916 3284; x_wconf 78' lang='lat' dir='ltr'>cantabrig:</span> 
     </span>
    </p>

    <p class='ocr_par' dir='ltr' id='par_1_14' title="bbox 413 3286 1398 3373">
     <span class='ocr_line' id='line_1_35' title="bbox 413 3286 1398 3373; baseline 0.005 -23"><span class='ocrx_word' id='word_1_220' title='bbox 413 3289 556 3351; x_wconf 86' lang='lat' dir='ltr'>Canonici</span> <span class='ocrx_word' id='word_1_221' title='bbox 579 3287 617 3351; x_wconf 86' lang='lat' dir='ltr'>de</span> <span class='ocrx_word' id='word_1_222' title='bbox 637 3289 856 3372; x_wconf 79' lang='lat' dir='ltr'>simplingham</span> <span class='ocrx_word' id='word_1_223' title='bbox 870 3290 900 3351; x_wconf 83' lang='grc' dir='ltr'>8ι</span> <span class='ocrx_word' id='word_1_224' title='bbox 915 3306 989 3353; x_wconf 88' lang='lat' dir='ltr'>tunc</span> <span class='ocrx_word' id='word_1_225' title='bbox 1015 3291 1167 3373; x_wconf 86' lang='lat' dir='ltr'>temporis,</span> <span class='ocrx_word' id='word_1_226' title='bbox 1188 3286 1298 3353; x_wconf 88' lang='lat' dir='ltr'>seilicet</span> <span class='ocrx_word' id='word_1_227' title='bbox 1322 3312 1398 3355; x_wconf 86' lang='lat' dir='ltr'>anno</span> 
     </span>
    </p>

    <p class='ocr_par' dir='ltr' id='par_1_15' title="bbox 370 3375 1397 3458">
     <span class='ocr_line' id='line_1_36' title="bbox 370 3375 1397 3458; baseline 0.006 -20"><span class='ocrx_word' id='word_1_228' title='bbox 370 3377 412 3438; x_wconf 89' lang='lat' dir='ltr'>D.</span> <span class='ocrx_word' id='word_1_229' title='bbox 434 3394 526 3457; x_wconf 85' lang='lat'><strong>1291.</strong></span> <span class='ocrx_word' id='word_1_230' title='bbox 542 3375 749 3439; x_wconf 88' lang='lat' dir='ltr'>inhabitabant</span> <span class='ocrx_word' id='word_1_231' title='bbox 765 3376 1006 3458; x_wconf 85' lang='lat' dir='ltr'>adcapellamS</span> <span class='ocrx_word' id='word_1_232' title='bbox 1022 3379 1204 3453; x_wconf 76' lang='lat' dir='ltr'>Eadmundi,</span> <span class='ocrx_word' id='word_1_233' title='bbox 1221 3378 1397 3444; x_wconf 67' lang='lat' dir='ltr'>&amp;lession-</span> 
     </span>
    </p>

    <p class='ocr_par' dir='ltr' id='par_1_16' title="bbox 335 3461 1253 3548">
     <span class='ocr_line' id='line_1_37' title="bbox 335 3461 1253 3548; baseline 0.003 -22"><span class='ocrx_word' id='word_1_234' title='bbox 335 3526 337 3533; x_wconf 77' lang='grc'>,</span> <span class='ocrx_word' id='word_1_235' title='bbox 372 3463 430 3526; x_wconf 85' lang='lat' dir='ltr'>bus</span> <span class='ocrx_word' id='word_1_236' title='bbox 445 3462 600 3525; x_wconf 83' lang='lat' dir='ltr'>audiendis</span> <span class='ocrx_word' id='word_1_237' title='bbox 616 3461 908 3548; x_wconf 86' lang='lat' dir='ltr'>&amp;disputationibus</span> <span class='ocrx_word' id='word_1_238' title='bbox 926 3466 1057 3538; x_wconf 85' lang='lat' dir='ltr'>multum</span> <span class='ocrx_word' id='word_1_239' title='bbox 1073 3466 1253 3532; x_wconf 80' lang='lat' dir='ltr'>insiliebant</span> 
     </span>
    </p>

    <p class='ocr_par' dir='ltr' id='par_1_17' title="bbox 202 3550 1441 4251">
     <span class='ocr_line' id='line_1_38' title="bbox 416 3550 1441 3642; baseline 0.008 -31"><span class='ocrx_word' id='word_1_240' title='bbox 416 3550 524 3612; x_wconf 81' lang='lat' dir='ltr'>Multae</span> <span class='ocrx_word' id='word_1_241' title='bbox 537 3550 676 3614; x_wconf 86' lang='lat' dir='ltr'>domus</span> <span class='ocrx_word' id='word_1_242' title='bbox 670 3568 736 3614; x_wconf 75' lang='lat' dir='ltr'>ma</span> <span class='ocrx_word' id='word_1_243' title='bbox 754 3553 823 3615; x_wconf 87' lang='lat' dir='ltr'>villa</span> <span class='ocrx_word' id='word_1_244' title='bbox 839 3551 995 3616; x_wconf 71' lang='lat' dir='ltr'>delirustae</span> <span class='ocrx_word' id='word_1_245' title='bbox 1020 3572 1144 3639; x_wconf 89' lang='lat' dir='ltr'>propter</span> <span class='ocrx_word' id='word_1_246' title='bbox 1158 3554 1250 3619; x_wconf 87' lang='lat' dir='ltr'>litum</span> <span class='ocrx_word' id='word_1_247' title='bbox 1273 3556 1397 3641; x_wconf 84' lang='lat' dir='ltr'>collegi·</span> <span class='ocrx_word' id='word_1_248' title='bbox 1440 3597 1441 3642; x_wconf 60' lang='lat' dir='ltr'>r</span> 
     </span>
     <span class='ocr_line' id='line_1_39' title="bbox 370 3638 823 3723; baseline 0.002 -21"><span class='ocrx_word' id='word_1_249' title='bbox 370 3657 459 3703; x_wconf 89' lang='lat' dir='ltr'>otum</span> <span class='ocrx_word' id='word_1_250' title='bbox 464 3638 625 3701; x_wconf 82' lang='lat' dir='ltr'>Carmelit.</span> <span class='ocrx_word' id='word_1_251' title='bbox 642 3640 823 3723; x_wconf 81' lang='lat' dir='ltr'>&amp;Augusti</span> 
     </span>
     <span class='ocr_line' id='line_1_40' title="bbox 415 3726 1398 3813; baseline 0.006 -25"><span class='ocrx_word' id='word_1_252' title='bbox 415 3730 506 3789; x_wconf 92' lang='lat' dir='ltr'>Anno</span> <span class='ocrx_word' id='word_1_253' title='bbox 521 3729 561 3789; x_wconf 94' lang='lat' dir='ltr'>D.</span> <span class='ocrx_word' id='word_1_254' title='bbox 582 3746 676 3809; x_wconf 81' lang='lat'><strong>1293.</strong></span> <span class='ocrx_word' id='word_1_255' title='bbox 700 3732 754 3789; x_wconf 74' lang='lat' dir='ltr'>D2.</span> <span class='ocrx_word' id='word_1_256' title='bbox 771 3728 915 3811; x_wconf 84' lang='lat' dir='ltr'>Dionysra</span> <span class='ocrx_word' id='word_1_257' title='bbox 929 3729 967 3792; x_wconf 91' lang='lat' dir='ltr'>de</span> <span class='ocrx_word' id='word_1_258' title='bbox 992 3744 1091 3795; x_wconf 89' lang='lat' dir='ltr'>monte</span> <span class='ocrx_word' id='word_1_259' title='bbox 1105 3726 1236 3795; x_wconf 84' lang='lat' dir='ltr'>Cauiso</span> <span class='ocrx_word' id='word_1_260' title='bbox 1228 3733 1342 3813; x_wconf 77' lang='lat' dir='ltr'>incepit</span> <span class='ocrx_word' id='word_1_261' title='bbox 1356 3733 1398 3794; x_wconf 85' lang='lat' dir='ltr'>sa·</span> 
     </span>
     <span class='ocr_line' id='line_1_41' title="bbox 372 3814 1397 3900; baseline 0.007 -24"><span class='ocrx_word' id='word_1_262' title='bbox 372 3814 488 3877; x_wconf 86' lang='lat' dir='ltr'>bricare</span> <span class='ocrx_word' id='word_1_263' title='bbox 502 3814 662 3891; x_wconf 85' lang='lat' dir='ltr'>ecclesranr,</span> <span class='ocrx_word' id='word_1_264' title='bbox 685 3818 714 3877; x_wconf 70' lang='lat' dir='ltr'>a</span> <span class='ocrx_word' id='word_1_265' title='bbox 730 3816 841 3879; x_wconf 84' lang='lat' dir='ltr'>multas</span> <span class='ocrx_word' id='word_1_266' title='bbox 861 3818 930 3879; x_wconf 86' lang='lat' dir='ltr'>alias</span> <span class='ocrx_word' id='word_1_267' title='bbox 952 3816 1087 3881; x_wconf 85' lang='lat' dir='ltr'>officinas</span> <span class='ocrx_word' id='word_1_268' title='bbox 1107 3820 1145 3880; x_wconf 90' lang='lat' dir='ltr'>ad</span> <span class='ocrx_word' id='word_1_269' title='bbox 1171 3839 1247 3900; x_wconf 86' lang='lat' dir='ltr'>opus</span> <span class='ocrx_word' id='word_1_270' title='bbox 1262 3815 1397 3884; x_wconf 86' lang='lat' dir='ltr'>sororum</span> 
     </span>
     <span class='ocr_line' id='line_1_42' title="bbox 371 3902 1335 3975; baseline 0.006 -10"><span class='ocrx_word' id='word_1_271' title='bbox 371 3902 410 3965; x_wconf 84' lang='lat' dir='ltr'>de</span> <span class='ocrx_word' id='word_1_272' title='bbox 429 3923 475 3964; x_wconf 86' lang='lat' dir='ltr'>or:</span> <span class='ocrx_word' id='word_1_273' title='bbox 492 3906 629 3975; x_wconf 76' lang='lat' dir='ltr'>Fratrum</span> <span class='ocrx_word' id='word_1_274' title='bbox 644 3907 822 3967; x_wconf 90' lang='lat' dir='ltr'>Minnrum&#39;</span> <span class='ocrx_word' id='word_1_275' title='bbox 815 3926 846 3968; x_wconf 88' lang='lat' dir='ltr'>tn</span> <span class='ocrx_word' id='word_1_276' title='bbox 860 3907 992 3968; x_wconf 86' lang='lat' dir='ltr'>manerio</span> <span class='ocrx_word' id='word_1_277' title='bbox 1006 3904 1060 3969; x_wconf 92' lang='lat' dir='ltr'>suo</span> <span class='ocrx_word' id='word_1_278' title='bbox 1073 3906 1111 3972; x_wconf 88' lang='lat' dir='ltr'>de</span> <span class='ocrx_word' id='word_1_279' title='bbox 1123 3907 1335 3971; x_wconf 84' lang='lat' dir='ltr'>Waterbeche</span> 
     </span>
     <span class='ocr_line' id='line_1_43' title="bbox 204 3990 1398 4077; baseline 0.008 -28"><span class='ocrx_word' id='word_1_280' title='bbox 204 3991 276 4039; x_wconf 78' lang='lat' dir='ltr'>curta</span> <span class='ocrx_word' id='word_1_281' title='bbox 287 3991 349 4041; x_wconf 81' lang='lat' dir='ltr'>Dio·</span> <span class='ocrx_word' id='word_1_282' title='bbox 423 3990 552 4053; x_wconf 84' lang='lat' dir='ltr'>Minutae</span> <span class='ocrx_word' id='word_1_283' title='bbox 573 3992 697 4055; x_wconf 83' lang='lat' dir='ltr'>decimae</span> <span class='ocrx_word' id='word_1_284' title='bbox 727 3995 757 4054; x_wconf 79' lang='lat' dir='ltr'>8c</span> <span class='ocrx_word' id='word_1_285' title='bbox 780 3994 976 4057; x_wconf 85' lang='lat' dir='ltr'>obventiones</span> <span class='ocrx_word' id='word_1_286' title='bbox 997 3995 1136 4059; x_wconf 84' lang='lat' dir='ltr'>decuria</span> <span class='ocrx_word' id='word_1_287' title='bbox 1162 3999 1222 4058; x_wconf 77' lang='lat' dir='ltr'>Dae·</span> <span class='ocrx_word' id='word_1_288' title='bbox 1248 3994 1398 4077; x_wconf 74' lang='lat' dir='ltr'>Dionyfiae</span> 
     </span>
     <span class='ocr_line' id='line_1_44' title="bbox 202 4054 586 4159; baseline -0.003 -20"><span class='ocrx_word' id='word_1_289' title='bbox 202 4054 283 4125; x_wconf 51' lang='grc' dir='ltr'>ψ·</span> <span class='ocrx_word' id='word_1_290' title='bbox 371 4080 586 4159; x_wconf 78' lang='lat' dir='ltr'>provenientes.</span> 
     </span>
     <span class='ocr_line' id='line_1_45' title="bbox 412 4166 1276 4251; baseline 0.01 -24"><span class='ocrx_word' id='word_1_291' title='bbox 412 4168 530 4246; x_wconf 82' lang='lat' dir='ltr'>Jonnna</span> <span class='ocrx_word' id='word_1_292' title='bbox 545 4166 582 4229; x_wconf 93' lang='lat' dir='ltr'>de</span> <span class='ocrx_word' id='word_1_293' title='bbox 597 4170 744 4250; x_wconf 82' lang='lat' dir='ltr'>Nyvernis</span> <span class='ocrx_word' id='word_1_294' title='bbox 759 4168 857 4251; x_wconf 86' lang='lat' dir='ltr'>prima</span> <span class='ocrx_word' id='word_1_295' title='bbox 871 4167 1012 4234; x_wconf 81' lang='lat' dir='ltr'>abbatissa</span> <span class='ocrx_word' id='word_1_296' title='bbox 1026 4170 1064 4236; x_wconf 87' lang='lat' dir='ltr'>de</span> <span class='ocrx_word' id='word_1_297' title='bbox 1079 4170 1276 4242; x_wconf 85' lang='lat' dir='ltr'>Waterbech.</span> 
     </span>
    </p>
   </div>
   <div class='ocr_carea' id='block_1_7' title="bbox 783 4321 971 4383">
    <p class='ocr_par' dir='ltr' id='par_1_18' title="bbox 783 4321 971 4383">
     <span class='ocr_line' id='line_1_46' title="bbox 783 4321 971 4383; baseline 0.027 -14"><span class='ocrx_word' id='word_1_298' title='bbox 783 4340 805 4383; x_wconf 36' lang='lat' dir='ltr'>‚a</span> <span class='ocrx_word' id='word_1_299' title='bbox 822 4321 891 4373; x_wconf 80' lang='lat' dir='ltr'>Villa</span> <span class='ocrx_word' id='word_1_300' title='bbox 910 4325 971 4379; x_wconf 78' lang='lat' dir='ltr'>MS.</span> 
     </span>
    </p>
   </div>
   <div class='ocr_carea' id='block_1_8' title="bbox 1280 4418 1397 4483">
    <p class='ocr_par' dir='ltr' id='par_1_19' title="bbox 1280 4418 1397 4483">
     <span class='ocr_line' id='line_1_47' title="bbox 1280 4418 1397 4483; baseline 0 0"><span class='ocrx_word' id='word_1_301' title='bbox 1280 4418 1397 4483; x_wconf 72' lang='lat' dir='ltr'>Fratres</span> 
     </span>
    </p>
   </div>
   <div class='ocr_carea' id='block_1_9' title="bbox 0 0 1468 4900">
    <p class='ocr_par' dir='ltr' id='par_1_20' title="bbox 0 0 1468 4900">
     <span class='ocr_line' id='line_1_48' title="bbox 0 0 1468 4900; baseline 0 0"><span class='ocrx_word' id='word_1_302' title='bbox 0 0 1468 4900; x_wconf 95' lang='lat' dir='ltr'> </span> 
     </span>
    </p>
   </div>
  </div>
 </body>
</html>
