2925 4900
528 213 533 228 Ι

162 273 230 352 314
333 257 335 266 ’
403 262 414 284 ·
493 247 1169 334 Joannrsnnnanor

230 386 249 447 1
295 442 299 448 ,
373 381 440 445 Hoc
454 401 531 445 anno
552 385 681 463 Joannes
697 381 793 458 Cerle,
822 381 877 464 qui
891 380 998 444 ducem
1011 381 1180 446 Gloverniae
1201 377 1364 461 interfecit,

164 449 434 567 ffllijmcaptus
447 467 506 532 fuit
520 473 558 534 ab
573 472 706 554 Anglicis
720 472 751 532 in
766 471 875 532 Scoria.
921 472 979 532 Hic
1003 467 1150 532 consessus
1172 467 1311 554 estquod
1330 475 1364 535 in

136 533 320 632 ‘roelresucem
330 557 442 622 Wallia
463 556 579 622 furatus
606 559 648 621 est
673 557 824 642 hgnetum
839 557 983 620 Richardi
1001 559 1081 640 regis
1109 559 1141 619 a
1164 558 1236 620 inde
1260 554 1365 640 postea

165 646 279 700 cundia.
331 645 442 710 multas
456 645 581 732 signavit
595 648 692 710 literas
707 646 745 708 ad
765 647 876 708 amicos
898 649 977 730 regis
991 645 1147 721 Richards,
1173 646 1273 709 dicens
1288 667 1363 710 enm

175 739 184 754 “
331 735 446 798 ninere:
478 737 508 798 ἃ
523 733 563 798 src
577 736 672 798 cauffa
686 731 745 796 suit
759 736 863 797 mortis
877 735 1050 800 multorum.
1095 734 1153 797 Hic
1167 734 1270 797 multis
1286 735 1365 799 locis

331 823 364 886 in
378 821 487 906 Anglia
502 819 561 885 suit
576 824 698 898 trastus,
721 823 753 884 8r
766 822 886 885 tandem
899 819 1062 906 suspensus.

346 981 348 988 ¹
375 913 466 972 Anno
476 912 516 974 D.
534 931 594 990 140
599 931 627 995 ς.
652 913 682 974 &
700 931 778 973 anno
795 929 823 993 ς.
836 912 968 987 Henrici‚
983 908 1150 973 Richardus
1162 906 1363 994 Seroparchi·

330 995 484 1082 episcopus
496 999 588 1061 Ebor:
605 1002 635 1062 8ι
647 1003 701 1062 D⁵.
716 999 755 1061 de
769 997 930 1082 Moubray,
955 998 1010 1083 qni
1024 1001 1055 1062 81
1069 995 1257 1064 Marescallus
1271 1019 1363 1064 voca·

248 1085 253 1098 '
330 1087 430 1162 batur,
454 1087 535 1168 apud
548 1087 682 1150 Eburum
698 1085 894 1149 decollantur.

375 1179 444 1237 Rex
458 1177 602 1238 Henricus
616 1169 696 1257 lepra
712 1174 873 1258 percussus.

374 1265 467 1325 Heres
492 1263 608 1326 comitis
634 1259 672 1325 de
696 1263 884 1344 Notingham
906 1260 1085 1347 conquestus
1104 1259 1148 1326 est
1167 1277 1235 1326 ante
1248 1257 1363 1344 Scrope

331 1347 551 1434 archiepiscopo
577 1351 670 1414 Ebor:
703 1350 787 1434 quod
814 1351 959 1413 Henricus
988 1372 1043 1416 rex
1063 1367 1154 1413 terras
1177 1352 1207 1412 8<
1227 1349 1363 1414 officium

332 1435 497 1502 Marescalli
521 1441 599 1522 patri
621 1438 722 1503 debita
745 1436 915 1518 abstulerat,
938 1441 969 1502 8c
987 1440 1090 1504 comiti
1104 1437 1362 1502 Westmerlandiae

332 1525 462 1592 dederat.
794 1581 801 1587 .

375 1610 623 1698 Archiepiscopus
647 1618 741 1698 Scrop
767 1613 937 1696 praedicavit
961 1615 992 1677 in
1008 1613 1127 1679 ecclelia
1150 1614 1242 1678 Ebor.
1258 1633 1362 1678 ortans

333 1703 493 1786 populum,
501 1719 535 1765 ut
546 1699 709 1764 assalierunt
717 1703 744 1764 ei
752 1703 790 1764 ad
800 1702 1013 1774 ,corresiionem
1023 1704 1091 1766 mali
1102 1705 1254 1787 regiminis
1265 1704 1361 1785 regni.

330 1793 372 1852 Et
387 1788 487 1871 postea
501 1789 625 1852 colleslo
638 1791 769 1852 exercitu
792 1789 927 1872 procellat
946 1812 1015 1854 curn
1032 1796 1072 1855 D.
1090 1791 1247 1872 Mowbray
1261 1789 1363 1854 versus

330 1878 468 1940 comitem
479 1875 719 1942 Wellmerlande.
765 1878 1361 1944 EtcomesWestmer-tandcumexerciru

330 1965 412 2028 venit
428 1979 533 2028 contra
547 1985 609 2031 eos.
899 1994 901 1998 ·

375 2055 468 2115 Tunc
487 2048 796 2137 appropinquantibus
822 2052 1001 2118 exercitibus
1022 2075 1122 2117 comes
1140 2053 1360 2118 Weslmerland

333 2141 451 2224 rogavit
474 2139 738 2224 archiepiscopum,
763 2143 792 2202 dr
813 2145 854 2209 D.
878 2143 1027 2225 Moubray
1041 2159 1075 2205 ut
1098 2144 1286 2206 convenirent
1308 2165 1359 2206 co·

329 2247 395 2310 ram
409 2248 454 2302 eo,
477 2219 681 2292 &uastarent
694 2230 732 2291 de
748 2249 829 2312 pace.
876 2235 959 2293 Dum
969 2246 1068 2293 autem
1078 2232 1280 2305 convenirent,
1291 2233 1359 2314 qui·

331 2315 401 2378 darn
417 2315 498 2378 miles
513 2319 631 2379 comitis
643 2315 770 2380 Westm:
791 2319 884 2380 exivit
899 2317 935 2380 ad
950 2320 1112 2381 exercitum
1128 2318 1334 2402 archiepiscopi
1347 2345 1359 2395 ς

333 2403 365 2465 8(
379 2402 468 2479 dixit,
503 2411 524 2440 “
539 2409 606 2487 Jam
618 2407 739 2469 domini
753 2407 925 2470 concordati
939 2402 1016 2489 sunt.
1062 2409 1102 2469 Et
1122 2405 1359 2492 archiepiscopus

336 2497 359 2527 “
383 2494 516 2576 praecipit
540 2494 624 2556 vobis
651 2509 686 2557 ut
707 2494 858 2570 recedatis,
880 2496 951 2577 quia
966 2495 1123 2558 hac’nosle
1145 2498 1273 2558 coenabit
1288 2516 1359 2561 curn

331 2584 354 2616 ‘⁶
377 2580 436 2644 D0.
452 2584 550 2645 meo.’'
595 2582 642 2643 Sic
662 2582 749 2643 nirnis
775 2582 887 2644 creduli
906 2584 1094 2646 recesserunt.
1138 2586 1210 2668 Qo
1225 2586 1359 2669 cognito,

330 2666 410 2747 capti
426 2663 494 2729 sunt
511 2666 758 2751 archiepiscopus,
782 2671 812 2729 8<
829 2668 997 2751 Moubray,
1020 2692 1055 2733 ac
1077 2674 1224 2735 exercitus
1241 2674 1360 2737 comitis

330 2752 547 2817 Westmerland
580 2755 742 2839 dispersum
775 2755 984 2841 archiepiscopi
1011 2761 1176 2822 exercitum
1202 2759 1358 2845 perseque-

329 2841 451 2918 bantur,
462 2839 631 2927 'spoliantes
657 2846 687 2907 &
710 2846 840 2929 graviter
855 2846 1039 2911 verberantes
1065 2866 1143 2933 quos
1172 2868 1276 2931 capere
1301 2868 1358 2932 po·
1452 2929 1453 2944 χ

329 2943 464 2996 tuerunt.

270 3076 274 3089 ,
328 3018 441 3167 b'Rex
458 3016 589 3083 transivit
611 3020 642 3081 in
659 3020 841 3103 Aquilonem
856 3035 959 3085 contra
973 3042 1023 3084 eos
1037 3022 1092 3106 qui
1105 3020 1197 3086 casira
1211 3020 1263 3087 sua
1278 3038 1358 3089 tene·

353 3120 415 3166 ant.

330 3278 338 3293 ι
372 3194 481 3340 (slomes
496 3192 533 3257 de
547 3192 751 3258 Northumbr:
777 3197 807 3258 8c
823 3200 864 3259 D.
881 3194 1009 3260 Bardolf
1027 3194 1172 3283 fugerunt
1186 3198 1228 3264 de
1238 3202 1359 3265 Berwilr
1452 3261 1453 3280 ,

329 3297 361 3339 rn
399 3294 519 3343 cotrarn.

324 3394 327 3401 ·
372 3368 440 3429 Rex
458 3382 472 3413 a
490 3366 741 3439 obsellrtcastrum
752 3353 938 3448 deBerwilre,
954 3372 1190 3459 &expugnavit,
1206 3374 1359 3442 &multos

327 3450 359 3514 in
373 3474 411 3517 eo
425 3470 528 3537 captos
544 3455 711 3523 decollavit.
1452 3479 1453 3482 =

175 3537 234 3608 1³³8·
248 3558 304 3605 3⁹¹·
553 3571 604 3629 Ex
619 3570 687 3631 vita
702 3568 829 3633 Kenelmi
843 3573 921 3656 regis
937 3574 1124 3639 Marciorum.
1198 3625 1200 3634 r

369 3651 547 3735 Kenulphus
561 3676 613 3719 rex
625 3654 723 3718 Mero:
739 3658 816 3721 obiit
830 3668 870 3721 a⁰.
885 3664 927 3723 D.
945 3664 1020 3743 819.

368 3741 531 3803 Kenelmus
548 3764 602 3806 retr
619 3744 772 3827 Kenulphi
793 3746 883 3810 filius.

367 3828 545 3911 Qendrida
560 3832 589 3893 &
602 3833 771 3914 Burgevilla
785 3854 932 3915 germanae
946 3830 1058 3899 sorores
1072 3836 1206 3901 Kenelmi
1222 3838 1312 3922 regis.

367 3916 545 3999 Quendrida
570 3918 713 3983 Kenelmo
736 3919 854 3984 insidias
881 3923 977 3985 tendit
1000 3945 1053 4007 per
1067 3926 1265 3991 Askebertum
1290 3926 1359 4007 ejus

323 4002 489 4064 nutricium
506 4006 535 4065 8r
551 4022 782 4087 procuratorem,
806 4024 841 4071 ut
855 4006 916 4091 ipsa
932 4026 1079 4093 regnaret.

320 4176 329 4194 ι
365 4088 526 4239 llnelmus
542 4090 665 4177 septenis
681 4094 803 4159 ducitur
823 4097 861 4159 ab
875 4096 1040 4162 Assreberto
1053 4116 1199 4184 praetextu
1226 4100 1359 4167 venandi

320 4198 352 4241 rn
382 4196 490 4258 yram.
1284 4188 1288 4196 '

146 4263 224 4382 3:32
240 4284 306 4323 corn:
360 4264 412 4327 Est
426 4264 577 4369 prosunda
588 4269 669 4334 vallis
690 4272 767 4336 inter
782 4270 859 4335 duos
881 4287 998 4341 montes
1023 4273 1127 4342 abdita
1144 4280 1179 4343 in
1202 4274 1263 4364 ipsa
1276 4274 1360 4360 sylva

211 4368 218 4385 ·
320 4352 449 4419 Clenthe
464 4354 555 4420 dasle.
1101 4397 1104 4407 ·

753 4528 755 4530 ι
783 4483 798 4517 a
815 4467 860 4517 Sic.
1031 4444 1035 4451 Ι
1137 4444 1140 4447 ⁴
1316 4435 1359 4517 Ill
