2925 4900
20 201 21 270 t
196 285 271 376 ff
532 205 1229 361 Joauursuuuauor

417 430 506 494 Anna
523 448 577 492 rex
591 423 744 492 occisusa
765 421 878 499 Penda,
900 443 971 507 rege
995 424 1192 503 Merciornm,
1215 445 1303 492 anno
1327 425 1424 512 regni

342 531 362 572 ¹*
374 513 419 584 sui
437 538 487 600 19.
502 537 581 582 anno
592 520 715 584 veroD.
731 512 808 598 654.
825 514 900 578 &iu
914 512 993 590 loco,
1015 529 1030 559 α
1047 512 1118 598 quis
1132 513 1320 602 Blidesburg
1335 538 1420 582 uun·

270 632 272 638 ’
372 623 513 691 cupatur,
536 604 684 688 sepelitur.

414 695 481 758 Illic
503 695 591 758 etiam
615 689 749 775 sepultus
772 688 814 754 est
829 689 993 768 Jurminus,
1017 691 1082 770 ejus
1107 690 1199 769 filins,
1222 692 1281 776 qui
1308 691 1418 778 postea

369 784 527 850 translatus
540 779 583 844 est
596 781 636 844 ad
649 779 801 845 ecclesiam
816 781 848 844 S.
861 777 1017 842 Edmundi
1030 781 1062 841 in
1074 779 1349 846 Betrichesworth.

415 868 598 936 Hereswitha
612 870 716 954 regina
737 864 834 933 occiso
847 869 937 930 Anna
953 865 1089 951 profesta
1111 865 1154 931 est
1173 872 1213 934 ad
1229 867 1318 948 Cale,
1344 889 1416 936 mo·

371 958 476 1026 uaster:
492 958 610 1023 Galiiae.

297 1099 299 1104 .
417 1045 557 1112 Succeffit
566 1049 660 1110 Annae
671 1046 703 1110 in
717 1044 998 1131 regrAdelhereJus
1008 1043 1110 1122 frater,
1125 1043 1212 1126 cujus
1224 1057 1369 1132 tempore
1378 1051 1414 1113 S.

371 1136 544 1219 Botuiphus
560 1134 715 1206 monaster:
732 1133 1081 1200 inlkannoconstruxit.
1447 1124 1448 1169 ³

415 1229 484 1288 Rex
498 1223 631 1286 Adelher
645 1220 757 1287 occisus
771 1221 813 1287 est
828 1243 908 1286 anno
920 1244 983 1306 reg:
995 1220 1040 1286 sui
1055 1222 1101 1286 2⁰.
1116 1219 1156 1284 ab
1171 1222 1309 1286 exercitu
1326 1221 1412 1290 oswi
1447 1220 1448 1225 ’

370 1316 451 1396 regis
473 1310 676 1377 Northumbr:
703 1312 763 1375 Cui
777 1309 909 1376 successit
923 1307 1013 1376 srater
1028 1312 1092 1392 eius
1113 1321 1156 1392 3⁸.
1178 1311 1409 1392 Ethelwoldus,

370 1401 471 1484 bonus
484 1421 519 1462 ac
530 1420 618 1462 verus
633 1403 690 1464 Dei
705 1399 816 1466 cultor.

415 1487 796 1572 CuisuccessrtAdulphus,
819 1487 884 1569 ejus
893 1507 997 1572 nepos,
1020 1485 1217 1562 Annaefilius,
1242 1488 1335 1568 cujus
1345 1486 1408 1554 filia

369 1577 535 1662 Eadburga
548 1575 691 1639 abbatissa
706 1579 738 1638 in
748 1577 952 1658 Reopendune
963 1573 1080 1638 samnio
1096 1576 1155 1638 Dei
1169 1575 1329 1640 Guthlaco
1349 1575 1407 1642 sar·

368 1666 537 1748 cophagum
557 1664 736 1746 plumbeum
752 1665 962 1749 lintheumque
977 1661 1159 1742 transmisit3
1192 1665 1226 1728 in
1240 1686 1307 1748 quo
1321 1664 1405 1748 idem

368 1753 416 1815 nir
431 1755 488 1814 Dei
504 1752 603 1835 postea
618 1750 753 1834 sepultus
766 1750 818 1828 esi.
1282 1795 1287 1804 ·

413 1840 579 1924 Sexburga,
596 1844 691 1906 Annae
703 1841 911 1924 primogenita,
934 1838 1056 1922 nupfit,
1070 1859 1151 1906 anno
1162 1859 1193 1924 ς.
1205 1841 1294 1926 regni
1309 1844 1403 1924 patria

367 1923 423 2001 sui,
448 1923 655 1992 Ercoubertho
678 1949 743 2012 reg:
769 1932 922 2010 Cantuar:=
937 1929 1059 2013 Qibus
1080 1932 1142 1991 nati
1162 1927 1231 1994 suut
1253 1948 1284 1996 2.
1307 1951 1402 2014 reges,

368 2014 515 2079 Ecbertus
524 2017 554 2078 a:
565 2016 740 2091 Lotharius,
757 2019 786 2079 &
795 2019 863 2081 duae
874 2017 955 2091 fitiae,
969 2017 1141 2083 Ermenilda
1151 2038 1186 2081 ac
1197 2021 1381 2104 Erkeugota.

410 2104 570 2187 Sexburga
584 2101 650 2186 post
663 2104 785 2170 obitum
794 2107 861 2181 viri,
878 2103 892 2152 ὖ
912 2105 968 2189 qui
983 2123 1037 2183 24.
1052 2107 1147 2180 annis,
1169 2109 1318 2188 regnauit,
1342 2107 1400 2170 do·

360 2211 421 2284 uec
440 2193 612 2278 impuberes
628 2212 706 2256 auno
728 2191 843 2260 Ectrtdi
865 2195 899 2258 iu
921 2192 1015 2258 robur
1028 2193 1119 2257 virilis
1134 2197 1233 2258 aetatis
1255 2193 1399 2261 resorma·

366 2293 461 2344 verat.

409 2369 566 2455 sexburga
577 2367 676 2453 postea
690 2369 847 2436 monaster:
858 2371 889 2435 in
899 2368 1036 2455 Shepege
1049 2368 1197 2448 condidit,
1214 2390 1252 2435 ae
1266 2369 1360 2448 abbas
1374 2374 1400 2436 ei
1447 2300 1448 2379 l

365 2457 490 2543 praefuit
502 2458 635 2523 couettts
652 2479 705 2537 77.
720 2457 884 2542 discipulis.

383 2544 549 2697 d'Ecsridus
563 2566 618 2611 rex
632 2545 818 2630 possessiones
838 2544 1028 2627 monasterio,
1051 2552 1067 2615 a
1090 2562 1185 2614 matre
1210 2545 1265 2614 sua
1288 2549 1398 2626 erecto,

364 2653 382 2699 a
414 2650 484 2700 ectt.
1071 2670 1077 2681 ·

224 2749 236 2782 a
254 2769 261 2784 .
320 2772 328 2791 .
399 2657 490 2788 JCum
505 2722 662 2809 Sexburga
676 2722 796 2801 cunda,
819 2745 892 2807 quae
904 2724 1096 2791 inchoaverat
1110 2724 1143 2787 in
1158 2723 1309 2813 Shepege,
1335 2749 1399 2811 per-

363 2808 485 2890 fecisset,
497 2813 539 2875 ‚ec
554 2814 648 2877 totius
664 2815 787 2879 Cantiae
799 2815 917 2877 tertiam
929 2828 1040 2896 partem
1051 2816 1081 2877 in
1096 2810 1167 2878 usus
1178 2813 1250 2883 ecel:
1267 2834 1401 2899 emptam
1446 2871 1447 2896 ,

362 2898 422 2965 suis
438 2900 609 2976 tradidisset,
624 2901 729 2967 retina
738 2901 802 2966 fita
814 2898 868 2966 sua
878 2902 1050 2965 Ermeuilda
1062 2902 1132 2968 loco
1148 2902 1312 2979 abbatissae,
1330 2928 1400 2988 pro·
1446 2925 1447 2932 ¹

362 2987 444 3065 festa
466 2988 509 3051 est
532 2988 570 3051 ad
595 2988 743 3052 Eliensem
756 2986 891 3066 insulam,
914 2989 969 3055 ubi
993 2986 1011 3055 ti
1034 2987 1135 3062 sorore
1148 2986 1200 3054 sua
1213 2991 1399 3057 Etheldreda

352 3076 507 3142 ‚abbatissa
521 3076 676 3159 accipitur.

407 3162 563 3229 Defuntta
577 3164 758 3229 Etheldreda
772 3163 852 3230 sassa
871 3162 913 3229 est
932 3163 1090 3250 Sexburga
1109 3165 1254 3243 abbatissa
1269 3167 1397 3235 Eliensis

362 3252 521 3317 monaster:
537 3273 618 3317 anno
632 3258 674 3319 D.
691 3256 767 3338 679.
1126 3290 1130 3296 »

260 3346 262 3351 ’
407 3341 548 3425 Seuburg
558 3344 639 3407 Non:
650 3344 715 3424 Jult
726 3344 803 3407 obiit
814 3341 897 3427 apud
910 3340 978 3424 Ely,
1001 3343 1032 3405 ac
1046 3338 1158 3410 ibidem
1167 3340 1285 3427 sepulta
1298 3344 1353 3423 esi.

407 3430 592 3506 Ermenilda,
616 3428 677 3493 filia
689 3436 720 3493 S.
738 3432 913 3515 Sexburgae,
936 3428 1048 3515 nupsit,
1064 3431 1222 3516 Wlpheto,
1238 3436 1395 3521 regiMer·
1445 3507 1446 3514 ἵ

362 3517 502 3595 ciorum;
536 3520 991 3603 exquogeuuitWerbutgam.
1271 3524 1275 3528 ’
1327 3596 1331 3602 ,
1445 3527 1446 3546 ’

406 3608 533 3670 Mortuo
544 3605 611 3690 post
627 3626 676 3685 17.
690 3627 763 3685 ann:
778 3607 960 3690 Wulphero,
972 3606 1157 3694 ,umenttda
1170 3609 1252 3685 yenit
1265 3609 1308 3692 ad
1321 3610 1394 3675 She·

359 3716 448 3780 pege,
471 3694 526 3757 ubi
550 3696 568 3758 i
593 3697 750 3779 Sexburga
763 3712 861 3761 matre
881 3692 1068 3767 abbassaeia
1085 3696 1139 3762 est.
1184 3697 1272 3769 Obiit
1288 3701 1393 3775 Erme-

357 3785 443 3849 nilda
458 3783 513 3857 Id:
526 3782 615 3847 Febr:
637 3785 760 3868 Sepulta
776 3782 819 3849 est
838 3786 872 3849 iu
886 3786 1030 3869 Elpeum
1050 3800 1146 3862 matre
1169 3787 1340 3872 Seaburga,
1362 3788 1393 3853 δε

357 3870 542 3935 Etheldreda
556 3887 726 3936 matertera.
1444 3865 1445 3890 ¹

402 3960 584 4047 werburga,
607 3959 669 4025 filia
681 3960 876 4038 Ermenildae,
898 3959 966 4045 posi
978 3974 1109 4029 mortem
1123 3961 1283 4048 Woipberi
1297 3963 1391 4049 patris

358 4042 403 4109 sui
417 4047 538 4111 intravit
551 4049 711 4114 monaster:
727 4052 766 4113 de
778 4051 848 4132 Ely.
893 4051 990 4130 Cujus
1002 4045 1186 4120 sanctitatem
1200 4072 1272 4120 cum
1287 4051 1390 4117 Ethel·
1444 4077 1445 4110 t

358 4132 462 4229 redus,
483 4157 538 4203 rex
561 4140 657 4203 Merc:
673 4139 738 4220 ejas
758 4154 895 4223 patruus,
917 4139 1109 4225 cognovisset,
1133 4140 1323 4212 cabduttam
1349 4158 1389 4208 ex

390 4286 405 4322 a
420 4272 475 4323 Hac
484 4288 530 4323 vot
540 4272 572 4331 bit
583 4272 676 4326 babetur
685 4277 709 4326 in
718 4275 780 4325 MS.
797 4274 952 4345 asteriscusque
962 4277 1030 4345 etiam
1045 4278 1138 4347 ponitur
1147 4277 1170 4327 in
1181 4294 1219 4327 ma

356 4354 418 4389 mum
427 4336 584 4415 scribebatur,
594 4343 636 4407 qui
645 4357 695 4409 reg.
706 4360 747 4406 ²4·
759 4344 840 4411 cunia,
856 4343 965 4421 regnarit
977 4345 1027 4406 dc,
1060 4345 1106 4397 Sed
1121 4359 1172 4426 reg.
1189 4275 1389 4413 possdaexbust'asss
1443 4359 1444 4362 ¹

357 4404 480 4457 blatan.
530 4420 543 4455 c
558 4408 604 4456 Str.

524 4515 529 4527 .
1331 4474 1387 4563 Elp
