2925 4900
160 212 237 295 joa
348 224 352 229 ·
522 199 809 284 Joannts
853 192 1147 261 nnnnnnt

332 336 493 419 adjuvante
501 329 648 397 Wilftido
663 331 821 394 terminata
832 325 911 391 oeffit
922 326 1022 393 officio
1032 344 1191 413 repentens
1203 331 1382 401 Scotiam.

380 429 455 489 Eata
466 441 543 485 nnus
557 441 597 483 ex
611 438 661 483 12.
684 419 782 503 pneris
796 413 890 499 Angla
905 438 983 500 quos
1008 416 1147 481 educavit
1161 419 1320 483 Aidanus
1349 444 1409 487 re·

336 512 460 577 cedente
484 508 651 573 colmanno
670 504 769 573 (adius
794 501 838 567 est
855 502 946 569 abbas
967 502 1105 573 monach:
1128 508 1160 569 in
1185 507 1405 573 Lindisfarn:

222 644 226 662 ι
337 620 378 666 ex
392 599 502 663 abbate
515 592 711 661 Mailrosenfi.

385 692 461 753 Eata
477 682 631 749 'transtulit
653 684 684 745 S.
706 680 911 745 Cuthbertum
931 676 949 741 a
973 676 1098 743 Mail'ros
1117 680 1156 744 ad
1183 682 1407 749 Lindissam:

341 773 398 841 ins:
414 796 493 838 anno
515 777 557 839 D.
575 772 650 848 664.
672 772 703 833 ἃ
719 790 772 853 30.
794 790 875 849 anno
889 789 953 853 quo
977 769 1058 832 Scoti
1082 769 1208 835 domum
1231 774 1407 839 abeuntes

339 864 526 947 reliquerunt
541 855 766 923 Lindisfarnen:
780 856 853 921 eccl:
908 932 910 939 Ι
1058 880 1061 887 ·

388 950 485 1014 Tuda
497 949 553 1033 qui
566 948 647 1031 apud
658 949 778 1010 Scottos
789 943 948 1009 Austrinos
962 944 1097 1009 eruditus
1110 962 1186 1023 erat,
1201 942 1358 1012 succeffit
1368 951 1404 1013 in

345 1035 438 1123 episc:
460 1032 643 1102 Lindisfatn:
668 1034 848 1109 Colmanno,
872 1032 1022 1095 &eodem
1044 1054 1123 1099 anno
1139 1055 1178 1099 ex
1192 1036 1280 1119 peste
1295 1035 1402 1116 obiit,

347 1130 379 1191 dt
392 1124 528 1209 sepultus
538 1122 580 1187 est
595 1125 627 1186 in
640 1121 816 1199 monasterio
830 1121 867 1185 de
880 1120 1040 1204 Penelegh.
1112 1127 1116 1137 ¹

391 1216 518 1279 Mortuo
532 1212 627 1275 Tuda
639 1207 801 1275 Wilfridns
816 1228 894 1271 anno
907 1209 1002 1271 aetatis
1018 1229 1072 1291 30.
1087 1208 1126 1273 ab
1139 1208 1267 1276 Alftido
1279 1214 1401 1279 miffus

349 1301 392 1367 est
406 1302 436 1365 in
450 1300 580 1364 Galliam
593 1295 809 1363 consecrandus
823 1298 854 1361 in
868 1293 1039 1381 episcopum
1054 1298 1149 1363 Ebot:
1165 1296 1216 1363 sed
1230 1322 1273 1365 eo
1290 1303 1399 1367 diuti-

350 1387 452 1455 nscnle
468 1389 511 1453 ibi
529 1402 667 1453 morante
681 1384 793 1462 Codda‚
812 1385 936 1466 jubente
958 1382 1070 1460 Oswi'o,
1093 1386 1132 1449 ad
1156 1389 1290 1453 eandem
1312 1392 1399 1455 eccl:

350 1478 517 1550 ordinatur.
564 1474 624 1539 Sed
640 1470 706 1557 post
720 1474 881 1537 triennium
892 1472 1019 1555 jubente
1036 1474 1204 1539 Theodoto
1219 1478 1397 1563 archiepis-

351 1587 432 1651 copo
455 1564 561 1631 Cedda
585 1563 704 1648 repetiit
730 1561 897 1645 Lestingey‚
927 1559 1133 1640 &wilfridus
1151 1566 1295 1628 omnium
1312 1568 1396 1632 eccl:
1432 1640 1433 1647 ἵ

350 1646 869 1733 Northanhnmbrzcuramsnscepit.
892 1652 969 1713 Nam
977 1647 1278 1734 Hagustaldenaecclt
1291 1656 1396 1719 alium
1432 1668 1433 1679 ¹

351 1758 496 1807 mmnon
510 1739 652 1804 habebat.
697 1738 833 1802 Candida
849 1734 921 1801 Casa
937 1758 990 1801 nec
1005 1738 1079 1801 dum
1088 1737 1268 1825 episcopum
1286 1742 1394 1807 habu·

351 1828 425 1895 e'tat.
471 1828 555 1892 Eccl:
567 1848 692 1910 quoqne
704 1824 888 1889 Lindisfatn:
901 1823 1071 1909 episcopum
1082 1829 1239 1911 proprium
1255 1849 1324 1895 non
1337 1832 1392 1893 ha·

352 1919 433 1993 buit,
455 1912 567 1980 reverso
582 1918 613 1978 in
629 1917 755 1999 patriam
779 1914 954 1989 Colmanno,
978 1915 1008 1976 &
1030 1930 1154 1979 mortuo
1173 1915 1282 1983 Tnda.
1331 1924 1390 2002 Ju.

293 2071 296 2077 ,
353 2008 445 2070 bente
459 2020 560 2069 autem
575 2025 645 2087 rege
656 2000 757 2066 Oswio
770 2018 855 2065 erant
868 1998 923 2065 sub
935 2022 1006 2065 cura
1015 2002 1088 2066 abb:
1101 2001 1273 2067 Maibosen:
1298 2010 1390 2072 Eatae

354 2092 461 2160 fratres
471 2090 603 2173 ejusdem
614 2092 682 2155 loci.
726 2090 817 2157 Unde
831 2087 890 2173 ipse
904 2088 997 2152 abbas
1009 2093 1084 2175 Ean
1098 2091 1283 2155 monachum
1297 2091 1388 2160 suum

356 2186 390 2249 S.
404 2182 608 2250 Cuthbertum
622 2178 661 2242 de
675 2176 833 2242 monastera
849 2176 903 2240 suo
922 2176 960 2240 de
974 2178 1108 2254 Mailros‚
1132 2179 1186 2242 ubi
1211 2178 1294 2245 stetit
1309 2206 1387 2266 prae·

358 2268 472 2357 positus
489 2287 559 2332 ann:
581 2289 629 2349 13.
646 2265 711 2350 post
726 2282 852 2329 mortem
866 2264 964 2329 Boifili
979 2264 1110 2349 magistri
1126 2264 1171 2331 sui
1186 2269 1217 2331 δι
1232 2273 1386 2355 praepositi

354 2356 485 2441 eiusdem
500 2355 656 2421 monaster:
669 2353 818 2417 transtulit
828 2355 858 2418 in
869 2351 1056 2418 Lindisfarn:
1068 2354 1226 2420 monaster:
1237 2373 1272 2421 ut
1284 2360 1327 2423 ibi
1340 2382 1385 2425 re·

288 2525 292 2530 .
356 2445 458 2534 gulam
468 2444 594 2510 monast:
608 2442 800 2528 perfeetionis
812 2443 971 2506 autoritate
984 2441 1115 2521 doceret,
1130 2465 1210 2508 anno
1219 2450 1260 2511 D.
1275 2448 1354 2528 664.
1372 2481 1375 2488 ⁴

277 2554 315 2588 ι·
403 2534 608 2599 Cutbebertus
637 2531 752 2600 exactis
777 2529 961 2615 Lindisfatn;
993 2534 1075 2600 annis
1106 2550 1155 2601 12.
1177 2537 1264 2618 petiit
1289 2541 1384 2604 Fame

356 2621 490 2692 insulam.

400 2715 477 2776 Eam
488 2709 619 2776 succedit
632 2704 733 2776 Tudae
743 2708 776 2774 in
784 2704 873 2794 episc:
887 2704 1074 2774 Lindisfarn:
1090 2705 1275 2778 consectatus
1286 2712 1382 2779 Ebora

355 2800 565 2872 aTheodoro.
710 2804 714 2815 ‘

327 2873 338 2896 '
402 2889 528 2953 Boistlus
542 2889 572 2951 8ι
587 2886 796 2954 Cuthebettus
811 2884 947 2970 discipuli
964 2889 1056 2952 Eatae.

404 2978 463 3040 Hic
473 2981 547 3040 Eata
564 2997 594 3059 3.
610 2976 837 3060 annispontific:
853 2971 1033 3040 Lindisfatn':
1049 2975 1381 3060 &Haugustaldensem‚

359 3085 452 3152 quem
467 3068 499 3128 S.
523 3063 684 3130 wilfridus
703 3085 782 3130 anno
802 3068 843 3128 D.
864 3064 938 3146 673.
961 3061 1109 3140 fundavit,
1130 3066 1220 3131 rexit.
1266 3067 1380 3132 Deinde

362 3152 460 3218 eledio
472 3152 648 3218 Tumberto
660 3151 699 3215 ad
710 3149 863 3238 Hagussal:
879 3151 929 3215 ille
954 3149 1033 3216 solus
1055 3151 1179 3236 praefuit
1201 3153 1380 3222 Lindisfarn:

357 3240 431 3311 sedi.
1232 3253 1234 3262 ’

408 3327 512 3393 Postea
525 3328 636 3395 exadiis
655 3350 686 3414 3.
701 3329 784 3394 annis
799 3328 990 3396 ‘rumbertus
1011 3342 1133 3412 propter
1156 3328 1380 3397 inobedientiam

362 3417 515 3501 depofitus
529 3417 582 3495 est,
606 3421 636 3484 &
658 3422 690 3485 S.
713 3418 916 3486 Cuthebertus
933 3420 964 3485 in
985 3415 1156 3504 episcopum
1171 3418 1379 3514 Hagustaldent

296 3541 298 3546 v
365 3507 480 3575 eledius
494 3506 535 3572 est
549 3510 581 3570 in
596 3504 711 3591 synodo
726 3509 807 3590 apud
821 3505 975 3573 Twiford.

407 3598 476 3658 Rex
488 3595 633 3662 Ecbettus
648 3617 716 3660 cnm
726 3599 910 3669 Trumwino
921 3591 1059 3681 episcopo
1073 3595 1217 3680 navigant
1232 3596 1267 3660 ad
1280 3599 1378 3675 Fatue,

364 3683 615 3750 &Cuthbertum
629 3684 780 3748 volentem
804 3685 955 3749 nolentem
980 3683 997 3746 ai
1014 3683 1124 3749 solitar:
1149 3685 1216 3748 vita
1234 3685 1270 3748 ad
1283 3706 1377 3750 curam

363 3771 537 3856 pastoralem
558 3772 725 3838 abducunt.
770 3776 835 3840 Nec
850 3772 948 3838 multo
963 3771 1029 3857 post
1043 3779 1119 3838 Eata
1132 3771 1249 3836 ¹ettadiis
1264 3774 1291 3836 in
1309 3773 1376 3858 epis·

364 3877 475 3944 copatu
491 3857 677 3925 Lindisfarn:
698 3881 748 3940 14.
761 3865 847 3926 annis
861 3861 1003 3925 reduetus
1017 3862 1059 3925 est
1075 3858 1218 3925 adsedem
1233 3861 1376 3946 Hagustal·

264 4018 268 4027 ,
365 3947 506 4015 densem:
530 3951 560 4012 ἃ
579 3949 784 4016 Cuthebertus
799 3949 834 4014 fit
857 3947 1010 4034 episcopus
1033 3947 1217 4015 Lindisfarn:
1238 3947 1375 4014 consecra·

365 4033 471 4119 tusque
485 4035 526 4100 est
541 4036 634 4102 Ebot:
652 4041 670 4100 i
685 4039 853 4104 Theodoto
867 4036 1088 4123 archiepiscopo
1098 4043 1242 4104 Cantuat:
1253 4037 1374 4122 prasente

362 4126 585 4208 tegeEcberto,
609 4127 639 4188 ac
661 4146 692 4202 7.
707 4125 861 4211 episeopis,
886 4148 965 4191 anno
977 4131 1018 4194 D.
1035 4131 1075 4191 68
1081 4147 1110 4212 ς.
1135 4127 1165 4192 ἃ
1187 4146 1250 4210 teg:
1271 4124 1372 4190 chtidi

367 4231 418 4282 12.
463 4216 521 4280 Cui
536 4235 589 4277 rex
605 4211 724 4278 chride
738 4218 840 4280 villam
868 4216 907 4280 de
926 4219 1005 4280 Crek
1020 4219 1049 4282 dc
1067 4238 1097 4302 3.
1124 4216 1155 4279 in
1180 4216 1298 4282 circuitu
1317 4216 1372 4302 ejus

362 4299 500 4370 milliaria
525 4303 553 4370 ei
572 4303 667 4385 dedit,
697 4320 731 4371 ιιι
751 4304 877 4378 habetet
899 4305 993 4374 Ebot:
1016 4307 1089 4388 iona,
1112 4304 1161 4371 vel
1181 4304 1248 4377 inde
1270 4304 1371 4458 redifiens

913 4419 916 4426 '
1259 4411 1318 4460 men
1339 4411 1369 4456 0·
