2925 4900
162 249 511 356 NNrr-Qurrn'rr
557 267 984 336 corruerimus:
1201 247 1267 358 §33

120 403 196 464 Gnl.
213 399 367 481 episcopus
382 394 588 462 Dunelmenfis
603 397 681 462 obiit
695 418 746 482 15.
761 399 887 484 episcop.
902 398 946 464 sui
959 421 1048 465 anno.

70 489 247 568 -Celsavit
262 485 390 570 episcop
408 507 437 569 3.
454 489 549 562 annis,
572 489 602 548 8c
617 486 716 570 postea
731 489 912 571 Ranulphus
936 489 1107 572 capellanus

74 579 153 643 Gul.
169 577 243 640 Rufi
257 573 386 660 eprscop
410 575 533 658 accepit,
553 567 695 658 &posita
720 573 786 660 epr
781 596 848 662 cop
871 575 926 640 suo
950 597 1028 642 anno
1051 595 1104 661 29.

77 665 166 729 obiit.

75 743 244 815 ·Vacavit
257 749 366 813 dehinc
378 747 459 814 sedes
473 745 599 833 episcop.
617 771 670 834 per
685 751 938 834 quinquennium.

74 833 519 902 DeindeGausridusHenr.
531 838 607 920 regis
619 840 785 922 capellanus
797 839 1007 922 sitepiscopus,
1018 843 1067 924 cuj
1071 863 1107 908 us

77 941 214 1008 tempore
226 927 462 998 consummatum
477 924 519 988 est
533 927 696 1008 capitulum
710 928 936 991 monachorum.

73 1015 205 1077 lsurit
219 1013 407 1078 Gausridus'
400 1035 431 1076 m
446 1011 574 1096 episcop.
592 1033 687 1076 annos
704 1019 735 1078 8.
773 1020 860 1080 Turn
872 1012 952 1078 sedes
969 1037 1031 1080 uno
1052 1038 1106 1079 va·

74 1105 155 1165 cavit
169 1124 257 1167 anno.
304 1106 477 1166 Tum-uero
496 1101 532 1164 sit
546 1099 701 1186 episcopus
720 1103 795 1166 Gul.
811 1103 896 1171 deS.
911 1105 1042 1169 Barbara
1055 1106 1140 1171 de»

75 1209 168 1254 canus
182 1191 276 1254 Ebora

119 1279 193 1342 Gal.
202 1279 284 1341 deS.
292 1277 421 1342 Barbara
430 1276 576 1362 peradhs
568 1298 599 1340 rn
610 1274 779 1362 eprscopatu
788 1297 873 1340 annrs
885 1293 989 1342 novem
977 1275 1104 1346 obNt
1117 1301 1166 1366 rag
1167 1303 1242 1359 ·4⁸·
1318 1312 1321 1320 ·

74 1367 182 1428 Cui
195 1363 327 1432 successit
340 1371 432 1449 Hugo
444 1367 482 1428 de
502 1367 632 1428 Puteaco
654 1363 781 1429 thesaur.
804 1367 930 1428 Ebora·
916 1373 1036 1458 juvenis
1051 1390 1069 1435 2
1075 1390 1106 1453 ς

75 1473 233 1538 annorum.
278 1455 335 1516 Hic
360 1455 449 1517 Bedae
472 1455 622 1537 relliquias
647 1451 758 1515 feretro
779 1451 903 1516 inclusas
927 1475 1002 1519 auro
1016 1459 1046 1523 ἃ
1060 1481 1105 1523 ar·

75 1557 172 1622 gento
181 1533 310 1607 ornavit.
356 1543 414 1603 Hie
427 1538 576 1624 Hospitale
591 1541 628 1603 de
643 1541 723 1604 Shir-

74 1628 196 1691 burne
187 1649 219 1690 m
238 1641 339 1693 'curam
352 1626 534 1711 leprosorum
549 1628 688 1692 instituit.

120 1717 178 1778 Hic
191 1705 313 1804 murrina
334 1737 352 1776 a
367 1732 451 1800 porta
468 1716 633 1802 aquilonari
647 1711 743 1849 usque

74 1803 114 1867 ad
128 1795 285 1868 australem
300 1823 412 1868 novum
422 1803 503 1868 iecit.

744 1640 747 1644 Α
820 1583 982 1650 Shirburne
996 1609 1059 1652 uno
1073 1571 1137 1656 mil·
1154 1597 1272 1669 &dame

778 1699 795 1738 a
810 1675 884 1738 Dun
885 1673 963 1738 elmo
976 1677 1090 1741 North
1091 1683 1203 1748 North·
1206 1691 1269 1759 Est.

779 1761 874 1823 Diker
893 1762 1028 1826 villulam
1049 1766 1087 1830 de
1109 1771 1277 1847 Shirburne

489 1891 600 1974 Leanyl
564 1888 631 1956 and
783 1867 820 1909 a
820 1851 905 1914 aratra
919 1848 1078 1918 destruxit.

118 1980 197 2044 Vide
222 1999 293 2044 num
316 1997 447 2044 murum
460 1979 598 2059 ecclesia,
627 1993 681 2044 aut
697 1978 827 2043 coenobii
851 1980 1033 2092 Dunelmen:
1065 1996 1107 2050 'an

78 2070 163 2132 urbis
178 2068 367 2132 Dnnelmens
371 2087 384 2131 s
398 2068 554 2152 intelligar.
822 2086 825 2093 ·

121 2159 367 2220 Hiceomitatum
380 2155 582 2220 Northnmbr:
596 2174 653 2245 pro
668 2169 803 2241 tempore
816 2157 885 2220 uitae
896 2153 954 2220 snae
971 2177 1022 2224 ra.
1037 2158 1107 2224 mir:

66 2246 160 2312 ‘libus
174 2244 315 2308 librarum
328 2246 412 2309 emit.

120 2335 189 2396 Hic
205 2331 354 2396 eeclesiam
378 2332 416 2394 de
439 2330 622 2416 Derlington
647 2329 861 2410 construxit,
852 2353 883 2395 rn
909 2353 970 2416 qua
992 2334 1106 2410 clericis

76 2417 248 2487 constitutis
261 2419 408 2501 ordinem,
431 2421 485 2507 qui
512 2418 585 2485 olim
612 2420 643 2483 in
658 2421 813 2486 Dunelmo
836 2418 944 2499 fuerat,
966 2443 1107 2489 renovare

78 2511 218 2574 decrevit.

122 2598 236 2661 Sedit
229 2618 260 2660 Νι
273 2595 401 2683 episcop.
417 2598 500 2661 annis
514 2618 568 2677 41.
585 2596 779 2663 mensrbusa.

11 2728 12 2735 .
120 2686 280 2769 Philippus
296 2684 473 2750 Pislavenfis
488 2682 641 2748 suecellit
633 2708 664 2749 Νι
670 2686 807 2769 episcop.
822 2687 956 2771 Hugoni.

84 2776 269 2835 Henricus
282 2774 320 2835 de
334 2776 475 2848 Puteaco‚
498 2772 722 2855 filiusHugonis
736 2770 873 2857 episcopi,
897 2772 1030 2845 rimare,
1052 2791 1105 2835 an·

78 2876 127 2927 tea
143 2850 196 2923 sibi
209 2860 400 2924 concellum
388 2882 405 2923 a
419 2862 521 2923 Priore
535 2862 565 2922 dc
580 2860 733 2923 monachis
751 2861 932 2925 Dunelmen·
948 2859 1105 2941 refignavit

78 2950 135 3013 hac
148 2948 223 3031 lege,
246 2963 279 3011 ut
294 2948 335 3010 ibi
349 2948 434 3013 fieret
457 2946 573 3011 ecclesra
590 2950 620 3011 8c
640 2962 805 3012 conventus
825 2947 1050 3025 monachorum,
1074 2948 1110 3011 id

80 3035 206 3123 quod
182 3034 295 3099 fadlum
309 3034 394 3099 est.

122 3124 205 3187 Obiit
221 3124 377 3208 Philippus
396 3143 443 3186 11.
467 3144 545 3188 anno
560 3120 603 3187 sui
626 3120 754 3209 episcop.
776 3120 881 3188 Postea
894 3124 1009 3186 vacavit
1023 3121 1111 3198 sedes

79 3213 219 3297 quinque
233 3214 328 3288 annia,
352 3214 382 3275 a
400 3232 449 3275 ro.
468 3212 627 3276 mensibus.

123 3303 299 3383 Morganns,
322 3300 401 3363 filius
427 3300 537 3362 nothus
562 3299 682 3371 Henrici
708 3314 739 3363 2.
765 3318 804 3363 ex
828 3318 924 3363 uxore
949 3295 1116 3381 Radulphi

78 3386 199 3463 Bloeth,
209 3390 238 3449 &
250 3387 421 3491 praeposrtus
434 3386 657 3462 Beverlacensrs,
674 3402 818 3472 tanquam
828 3386 939 3449 elesius
950 3383 1106 3468 episcopus

80 3476 209 3541 Romam
226 3478 371 3537 mittitur.
395 3473 443 3537 sed
458 3472 680 3557 episcopusRo=
696 3474 824 3539 eleslum
836 3494 895 3536 non
909 3473 1105 3538 confirmavit.

124 3563 291 3715 Rieqhardps
312 3563 349 3627 de
370 3559 499 3630 Matisco
518 3562 705 3627 cancellarius
719 3568 770 3642 Jo.
798 3565 875 3649 regis
894 3560 930 3625 fit
952 3559 1108 3647 episcopus

80 3652 154 3717 Dan
184 3672 264 3714 men·
378 3696 385 3703 -

124 3740 209 3804 Obiit
224 3739 391 3803 Richardus
405 3736 443 3799 de
457 3738 583 3803 Marisco
598 3744 629 3803 8.
644 3760 724 3803 anno
734 3735 778 3803 sui
791 3734 920 3826 episcop.
1113 3808 1117 3815 ,

123 3827 292 3894 Richardus
307 3848 376 3910 cog:
392 3822 508 3911 Pauper
521 3824 675 3910 episcopus
687 3832 794 3892 Sarum
807 3817 981 3891 transfertur
991 3821 1107 3892 Dunel·

81 3936 176 3992 mum,
199 3908 319 3986 &obiit
333 3933 411 3977 anno
423 3913 489 3997 post
504 3916 718 3979 transsationem
738 3924 802 3979 11⁰.
901 3950 905 3956 ·
1100 3986 1106 3997 ¹

126 4006 248 4065 Vacavit
261 4002 405 4080 sedes4.
427 4000 496 4066 sere
512 4005 635 4066 annis·
633 4004 770 4077 Deinde
787 4002 928 4066 Nicolaus
942 4000 992 4065 de
999 4002 1106 4064 Farne-
1143 4077 1147 4084 ,
1250 4060 1253 4068 .

81 4092 163 4167 ham,
186 4092 293 4179 reginae
306 4091 451 4167 medicus,
473 4088 617 4155 elesius'
609 4110 641 4153 rn
655 4088 837 4180 episcopum.
880 4087 1002 4166 Profuit
1015 4092 1107 4157 Nico·

23 4234 25 4239 ,
81 4178 147 4243 laus
165 4174 270 4241 sediss.
286 4181 379 4241 annis.
547 4218 550 4225 .
1114 4254 1119 4265 .

126 4264 288 4329 Gualterus
303 4266 340 4329 de
350 4265 512 4334 Krrlreham
521 4270 649 4339 decanus
660 4266 753 4335 Ebur
768 4262 907 4391 succesit,
923 4268 1043 4386 scanno
1056 4284 1127 4378 rra

83 4350 212 4502 episcop.
229 4351 274 4421 sui
288 4364 424 4423 mortuus
439 4353 544 4422 esta--
755 4359 813 4397 ἒ·
858 4395 863 4405 -
1048 4442 1077 4504 R

1078 4460 1111 4505 οι
