2925 4900
183 2543 307 2614 'ag-553·

449 312 455 323 .
536 260 822 343 Joauuts
867 255 1190 327 nunaunt.

344 381 413 475 jura
426 391 536 477 regalia
548 412 616 475 quae
630 393 662 454 in
677 390 726 475 illa
739 390 851 455 ditione
861 389 915 453 sabi
926 391 1103 460 venditabat
1117 391 1149 453 in
1160 408 1285 463 manum
1297 387 1387 456 suatn

349 484 416 563 capi
430 477 500 543 fecit
517 483 544 543 ἃ
562 482 614 541 diu
630 480 774 543 detinuit.
1000 524 1003 532 .
1248 482 1252 491 ’

356 581 358 590 ’
394 568 536 636 Similiter
549 566 621 636 iecit
635 568 674 629 de
688 566 806 629 Hert&
831 564 1000 631 Herteaesse
1022 567 1162 629 maneriis
1186 564 1315 633 Roberti
1342 565 1384 629 de

350 655 442 720 Bruse
457 659 572 719 ratione
587 652 795 719 sorissaslurae.

394 745 453 806 Sed
465 745 632 805 Edwardus
649 744 760 825 primus
776 739 901 803 castrum
912 741 1053 805 Bernardi
1069 762 1138 805 cum
1153 740 1302 823 praedislis
1315 762 1380 805 ma·

348 834 437 894 netiis
452 854 514 893 non
529 829 665 893 consulto
679 825 816 914 episcopo
831 830 863 891 in
877 826 940 893 suas
957 850 1062 893 manus
1078 836 1198 913 recepit.

392 920 539 981 Henricus
557 940 588 1002 3.
604 920 769 981 manerium
783 920 820 979 de
832 921 976 979 Gretharn
993 918 1025 985 in
1041 921 1168 999 prosint:
1182 912 1381 981 Dunelmenst

347 1004 532 1070 sorissaslum
560 1010 577 1067 ἑ
599 1009 689 1067 Petro
715 1003 752 1067 de
779 1010 884 1067 Monte
906 1008 987 1069 Forti
1014 1006 1099 1067 dedit
1122 1006 1252 1067 Thomae
1268 1002 1380 1065 Clatet

344 1095 430 1176 quod
454 1112 553 1157 tamen
580 1093 678 1176 possea
700 1096 856 1176 cognitum
876 1091 959 1155 fuisse
978 1094 1161 1159 Dunelmen:
1184 1090 1315 1175 episcopi
1331 1112 1381 1155 raa

348 1184 428 1246 tione
440 1184 516 1263 juris
531 1182 635 1265 regalis
650 1175 733 1263 quod
749 1182 859 1243 ibidem
875 1181 1003 1243 habebat
1017 1180 1111 1243 eidem
1128 1180 1240 1244 restitui
1253 1179 1340 1245 iecit.

395 1270 500 1333 Guido
522 1269 669 1347 deBello
691 1290 798 1351 campo
823 1268 1141 1347 comesWarwicensrs
1158 1270 1253 1332 tenuit
1274 1270 1306 1331 in
1330 1288 1383 1329 cat

351 1360 413 1441 pite
428 1357 555 1421 casirum
581 1358 725 1419 Beruardi
749 1376 783 1423 at
806 1358 970 1423 manerium
993 1358 1031 1419 de
1047 1354 1228 1423 Gainelorde
1253 1355 1381 1427 deud-

348 1447 453 1509 wardo
469 1447 514 1509 2⁰.

391 1539 529 1617 Rogerus
542 1532 580 1597 de
592 1531 717 1597 Clifsurd
734 1534 831 1595 tenuit
846 1534 935 1597 etiam
951 1532 1081 1595 maneria
1093 1530 1130 1595 de
1142 1534 1217 1598 Hert
1235 1534 1274 1599 ἃ(
1288 1533 1380 1595 Hert·

347 1643 399 1687 nes
413 1623 445 1685 in
459 1623 555 1703 capite
581 1622 619 1683 de
641 1622 795 1686 Edwardo
812 1640 842 1689 2,
867 1619 945 1683 insta
970 1619 1121 1681 libertates
1145 1620 1245 1681 Sansii
1262 1618 1381 1681 Cuthes

345 1711 435 1783 berti.
483 1708 541 1771 Sed
556 1709 725 1779 Edwardus
740 1707 791 1771 isla
801 1703 1032 1791 juffitepiscopo
1045 1706 1235 1777 Dunelmensr
1247 1730 1300 1791 per
1313 1708 1383 1772 bre-1

346 1801 394 1861 via
410 1796 460 1858 sua
478 1794 602 1863 restitui.
1006 1846 1008 1853 Α

391 1884 561 1945 Edwardus
578 1904 607 1965 3.
631 1904 712 1957 anno
726 1886 811 1969 regni
836 1879 879 1945 sui
899 1902 947 1963 14.
972 1883 1000 1953 in
1031 1883 1214 1965 parlamento
1228 1882 1380 1948 westmo-

348 1970 454 2035 naster:
471 1971 660 2038 confirmavit
674 1972 827 2033 libertates
843 1973 872 2033 8<
893 1972 962 2050 jura
977 1971 1084 2053 regalia
1109 1969 1294 2055 episcopatus
1310 1976 1377 2041 Duff.

348 2060 476 2134 nelmen:
499 2059 673 2142 ingratiam
689 2060 823 2122 Gualteri
836 2057 964 2143 episcopi
979 2056 1108 2137 ejusdem
1122 2058 1207 2125 sedis.

351 2147 356 2153 ’
395 2145 502 2211 Testes
527 2146 759 2209 confirmationis
788 2146 960 2215 libertatum
987 2150 1018 2208 S.
1036 2146 1214 2219 Cutheberti
1241 2163 1380 2239 tempore

350 2234 472 2299 Henrici
488 2255 520 2313 4.
537 2235 705 2297 Richardus
720 2238 802 2315 Gray
817 2233 853 2297 de
869 2232 999 2307 Codnor.
1030 2238 1123 2316 lingo
1136 2237 1260 2309 Burneh
1288 2240 1381 2315 Joans

350 2344 403 2389 nes
419 2322 537 2406 Stanley
551 2322 643 2401 miles,
666 2320 772 2397 semeso
788 2320 904 2405 hospitii
922 2321 1036 2411 domini
1050 2325 1137 2407 regis.

708 2414 781 2498 Pag.
801 2430 874 2495 552.
889 2425 983 2474 vacat.

407 2595 410 2598 ,
468 2537 520 2597 Ex
534 2534 605 2597 libro
618 2533 798 2615 epiliosaram
811 2534 903 2598 Flacci
914 2535 1023 2608 Albini,
1045 2533 1120 2596 assas
1130 2535 1256 2598 Ascuinit

286 2665 290 2674 ¹
338 2652 344 2671 s
412 2643 464 2703 Ex
476 2638 589 2722 epistola
605 2637 703 2740 :sisini
717 2638 759 2700 ad
769 2638 963 2704 Elbesbaldttm
978 2640 1110 2702 abbatem
1120 2644 1300 2702 Warencem.

351 2748 359 2846 J
389 2765 507 2826 Memor
525 2758 587 2827 ello
599 2760 735 2844 quotidie
750 2761 877 2826 nobiliss:
904 2765 994 2850 pastris
1020 2763 1181 2840 Benedisli‚
1203 2763 1292 2848 primi
1307 2763 1376 2836 sum.

264 2896 267 2899 -
347 2850 458 2915 datoris
472 2847 576 2925 nostri,
599 2845 807 2923 &successoris
823 2853 886 2930 ejus
903 2855 934 2914 S.
951 2851 1106 2930 ecastr-idi.

497 2976 547 3035 Ex
561 2972 684 3054 Epistola
699 2972 798 3036 Albini
810 2973 852 3034 ad
863 2974 964 3038 Cascam
978 2975 1106 3042 sessorem
1121 2981 1230 3042 Scoaia.

391 3077 520 3161 Antiqui
536 3080 677 3152 Saxones,
701 3077 732 3139 δι
744 3093 846 3142 omnes
857 3078 1017 3144 Fresonum
1033 3085 1149 3165 populi,
1166 3085 1291 3146 instante
1307 3107 1378 3168 rege

267 3219 273 3226 ,
351 3164 470 3240 Carolo,
503 3165 576 3226 alios
603 3165 741 3248 praemiis,
769 3166 799 3228 dc
820 3167 891 3229 alios
915 3171 1002 3230 minis
1029 3168 1199 3248 solicitante,
1222 3173 1261 3234 ad
1283 3173 1376 3236 fidem

329 3320 334 3332 ¹
349 3251 458 3314 Christi
477 3253 607 3314 conversa
623 3250 702 3314 sunt.

394 3339 452 3400 Sed
467 3360 547 3405 anno
577 3339 722 3402 transadio
735 3340 813 3403 idem
840 3363 892 3404 rex
915 3363 984 3407 cum
1005 3348 1137 3414 exercitu
1158 3348 1251 3414 ruite
1274 3345 1381 3432 supee'

349 3426 480 3499 sclavos,
502 3447 580 3509 quos
595 3449 650 3488 nos
665 3430 844 3492 Vionundos
860 3432 995 3494 dicimus.

390 3515 491 3587 Avari,
514 3517 568 3596 qui
583 3517 612 3576 sc
628 3518 720 3577 Huni.
779 3555 780 3558 =
1213 3557 1216 3564 ·

393 3605 462 3684 Ego
477 3601 555 3664 filius
572 3620 642 3665 tuus
662 3602 674 3650 b
693 3605 723 3664 ἃ
736 3601 860 3686 Joseph'‘
881 3609 1058 3671 vernaculus
1073 3625 1142 3673 tuus
1157 3608 1217 3674 sani
1229 3611 1342 3690 sumus,

279 3700 281 3703 ·
355 3721 359 3726 »
391 3690 517 3772 Aliquid
542 3692 621 3752 enim
646 3689 827 3756 dissentionis
851 3694 1000 3759 diabolico
1013 3696 1149 3762 fomento
1175 3699 1379 3776 inflammante

330 3797 442 3858 snuper
456 3780 532 3839 inter
548 3779 687 3840 Carolum
703 3799 803 3862 regem
817 3781 846 3841 ἃ*
861 3801 959 3863 tegern
976 3784 1074 3846 Offam
1090 3803 1228 3850 exortum
1244 3786 1308 3852 est:
1334 3793 1378 3852 ita

347 3883 381 3928 ut
398 3865 539 3946 utrinque
558 3868 708 3948 navigatio
720 3867 877 3929 interdisia
893 3875 1114 3952 negotiantibus
1130 3875 1227 3940 cesset.

394 3956 470 4012 Sunt
481 3956 534 4033 qm
545 3954 655 4025 dicant,
681 3977 735 4016 nos
748 3977 803 4038 pro
819 3975 889 4038 pace
904 3961 933 4018 in
948 3959 1010 4021 illas
1024 3979 1120 4042 partes
1134 3963 1189 4025 esse
1203 3949 1377 4031 elidendos,

393 4039 460 4100 Misi
478 4042 531 4102 tibi
552 4042 667 4122 aliquid
682 4043 720 4103 de
735 4043 813 4118 oleo,
837 4047 921 4124 quod
937 4051 987 4110 vix
1003 4051 1094 4111 inodo
1109 4054 1138 4111 in
1156 4055 1310 4114 Britannia
1327 4054 1375 4116 in·

249 4128 258 4136 ’
304 4211 308 4220 ¹
347 4126 474 4201 venitur,
499 4145 532 4189 ut
546 4126 722 4212 dispensares
739 4151 790 4212 per
809 4144 821 4176 ⁶
842 4130 908 4196 loca
924 4137 1073 4198 necessaria
1088 4135 1308 4221 episcoporum.

377 4271 400 4330 an
408 4282 465 4331 Hae
476 4299 521 4334 aas
533 4282 563 4333 bis
574 4286 688 4335 occurrit:
711 4285 724 4335 b
742 4288 792 4338 Has
803 4301 868 4336 votes
880 4287 910 4339 iis
923 4287 1025 4342 habentes
1035 4293 1056 4340 ia
1069 4295 1130 4344 MS.
1170 4313 1180 4344 c
1199 4301 1266 4346 Loco
1279 4297 1340 4344 MS.

1303 4405 1378 4477 illst
