2925 4900
182 231 998 388 AN,T1QUAnrrconnneTANnh
1197 247 1315 383 *615-u

122 416 285 502 Reynalde
297 419 334 483 de
344 421 420 484 Trie
430 419 562 485 doraun
574 419 672 484 bende
682 419 856 485 dazuraun
866 421 945 488 label
954 424 992 495 de
1002 423 1119 511 goules.

120 503 178 570 'Le
194 524 304 572 counte
319 509 357 572 de
369 511 445 572 Vian
460 511 498 572 de
512 509 617 594 goulet
632 529 649 572 a
662 529 723 572 ¹une
743 512 811 594 egle
825 511 894 576 dor.
1005 541 1012 569 ,ι
1041 571 1045 576 .

11 615 12 620 ¹
130 597 236 680 Roget
251 598 289 660 de
301 597 453 678 Moubrey
465 597 503 661 de
517 598 624 682 goulet
638 617 709 662 aun
723 597 785 661 lion
797 614 936 683 rampant
947 598 1085 690 dargent.

130 686 248 748 Robert
263 685 302 748 de
312 683 387 748 Rots
402 686 441 748 de
451 687 556 770 goulet
571 706 588 746 a
604 686 673 748 treis
688 686 749 750 buz
760 687 898 770 dargent.

11 793 12 802 ¹
130 774 226 856 Hugo
242 774 279 836 de
293 773 398 836 Nevile
409 775 500 836 dazur
514 795 532 836 a
546 794 587 836 un
601 773 664 838 lion
679 791 817 857 rampant
829 772 896 839 (lor.

83 943 98 1006 1
130 859 257 944 Geffrey
280 862 319 926 de
344 859 444 946 Lnlcy
458 860 496 926 de
519 861 624 947 goules
644 861 761 946 pondre
783 884 801 926 a
822 863 918 930 croisrl
930 863 990 932 dor
1009 886 1028 932 a
1047 865 1145 940 treis.

100 967 140 1012 uz
155 949 221 1012 dor.

11 1061 12 1066 ¹
90 1029 247 1186 &oben
262 1036 299 1100 de
315 1036 420 1100 Nevile
435 1037 474 1100 de
488 1035 594 1122 goules
610 1059 628 1101 a
643 1057 702 1100 une
718 1033 819 1102 sautor
832 1040 972 1128 dargent.

165 1126 228 1188 arin
244 1126 281 1188 de
296 1126 493 1208 Balhngbum
507 1147 621 1209 geroun
642 1125 698 1189 dor
712 1141 743 1188 et
755 1129 858 1191 lazur.

14 1275 19 1286 ,
85 1297 106 1366 f
131 1214 272 1276 Thomas
287 1211 418 1278 Bardnlf
437 1215 528 1280 dazur
542 1214 695 1297 poudrea
718 1215 913 1280 croisrhdore
928 1220 1000 1284 treis
1009 1223 1116 1306 quinte

99 1300 198 1364 oildes
214 1302 280 1364 dor.

131 1389 210 1451 Gul:
232 1387 271 1451 sti*
280 1385 340 1452 fr'er
354 1389 447 1452 daznr
464 1409 484 1450 a
497 1403 577 1471 treys
591 1381 698 1472 quinte
712 1385 798 1453 folles
813 1390 879 1455 dor.

112 1507 116 1516 ·
129 1478 235 1540 Fouke
247 1478 284 1540 de
296 1480 451 1540 Karketon
464 1476 502 1540 de
509 1478 619 1560 goulet
629 1492 659 1540 et
670 1499 712 1540 un
722 1477 820 1542 fautor
832 1480 960 1565 dargent
971 1474 1111 1569 engrall'e.

129 1644 275 1710 Nicolaus
290 1645 328 1709 de
343 1589 485 1753 Manforfl·
500 1645 582 1708 unde
603 1647 730 1732 dargent
750 1669 767 1711 e
789 1646 827 1711 de
840 1648 958 1733 goules.

129 1815 263 1880 Richard
277 1817 315 1880 de
330 1816 356 1880 la
368 1819 475 1879 Moore
488 1813 643 1899 esquartile
653 1815 779 1902 dargent
790 1833 820 1880 et
832 1817 943 1884 dazure
958 1820 1098 1899 endente,

128 1903 279 1968 Eustache
294 1906 331 1968 de
347 1905 455 1968 Balliol
468 1905 505 1966 de
517 1907 622 1988 goules
637 1927 654 1970 a
671 1904 793 1992 enfans
806 1905 951 1982 eliochinss
961 1907 1097 1995 dargent.

128 1995 177 2057 Le
190 2011 300 2057 counte
315 1993 352 2059 de
377 1993 554 2056 Pennebrok
577 1989 744 2074 partydo'r
764 2015 780 2056 e
800 1994 837 2057 de
862 1997 927 2058 'vert
951 1998 969 2058 a
991 2019 1032 2062 un
1054 2000 1119 2065 lion

88 2097 229 2164 rampant
244 2099 331 2164 party
343 2081 380 2167 de
393 2103 428 2144 or
450 2103 466 2143 e
489 2081 526 2144 de
538 2079 641 2163 gn'ul'es
651 2081 692 2144 ‘en
707 2082 811 2165 lnnge.
953 2153 957 2161 p

53 2209 56 2214 ‹
127 2173 172 2232 Le
193 2185 302 2252 connte
317 2169 354 2232 tle
375 2170 510 2234 Warwilt
529 2168 684 2240 esch‘elere
700 2171 756 2234 dor
778 2192 795 2232 e
816 2170 925 2236 dazure
946 2194 963 2234 a
985 2194 1029 2236 un
1050 2175 1119 2239 che·

88 2277 188 2320 veron
204 2257 347 2320 dermine.
586 2257 589 2264 ’
756 2329 759 2337 1
864 2307 867 2317 .

62 2408 70 2414 ,
131 2347 213 2422 John
225 2347 262 2408 de
274 2343 374 2426 Plescy
387 2344 516 2429 dargent
530 2364 548 2406 a
563 2344 635 2408 treis
649 2343 785 2408 molettes
800 2343 837 2408 de
846 2332 953 2429 'goule's
968 2369 1090 2429 perces.⁴

132 2435 179 2495 Le
193 2450 301 2497 counte
316 2433 363 2497 del
378 2433 432 2497 Ille
447 2434 484 2496 de
499 2431 603 2517 goules
618 2456 635 2497 a
652 2433 721 2497 treis
736 2433 835 2497 barres
845 2436 902 2498 dor
917 2436 1056 2528 diasprez.
1123 2463 1183 2531 rag,
1193 2479 1254 2527 Μ,

130 2522 249 2587 Walter
269 2522 455 2607 Belchaump
474 2515 693 2607 equartile¹dor
717 2543 735 2585 e
753 2524 792 2585 de
806 2524 943 2609 goulesa
965 2534 1008 2589 un
1022 2528 1118 2593 bende

87 2610 128 2673 de
146 2613 262 2693 goules.
570 2631 575 2639 ·

133 2702 204 2781 Guy
217 2702 254 2763 de
266 2698 448 2762 Rocheforte
459 2696 687 2781 elquartilevdor
702 2715 732 2763 et
752 2697 790 2761 de
803 2698 918 2782 goules.

132 2788 192 2863 Jon
215 2790 253 2851 de
267 2792 377 2851 Berner
399 2782 556 2871 elquartile
574 2786 629 2849 dor
651 2802 682 2854 et
701 2788 739 2849 de
758 2803 871 2849 vertea
890 2809 948 2851 une
968 2789 1056 2855 laben
1078 2792 1117 2859 de

108 2876 201 2941 oules.
513 2938 517 2943 .
1014 2942 1018 2950 ,

84 2898 107 2963 g
134 2962 255 3045 Geffrey
266 2962 304 3025 de
316 2962 501 3046 Belchaump
515 2956 671 3045 esqnartile
686 2961 813 3044 dargent
827 2986 844 3026 e
859 2963 897 3027 de
908 2960 995 3029 sahle.

134 3052 211 3116 Rale
236 3052 274 3114 de
289 3056 418 3135 Camoys
439 3053 493 3117 dor
514 3052 543 3113 al
565 3050 638 3115 chef
656 3052 693 3113 de
715 3051 821 3133 goutes
846 3073 863 3115 a
893 3056 962 3119 treis
984 3053 1118 3141 gastellee

91 3142 221 3225 dargent
238 3138 365 3203 6.,chef.
549 3214 552 3223 ‚

55 3277 60 3291 s
137 3232 254 3293 Walter
269 3227 400 3291 Maldust
414 3228 540 3313 dargent
555 3250 571 3291 a
586 3228 658 3291 deus
674 3228 776 3291 barres
791 3226 829 3293 de
842 3229 959 3313 goulet.
1037 3281 1038 3288 ,

137 3318 253 3381 Arnald
277 3316 325 3395 del
348 3317 433 3399 boyis
448 3319 573 3401 dargent
597 3338 614 3379 a
636 3318 710 3379 deus
723 3311 876 3391 barresne
895 3317 1001 3404 gonles
1019 3340 1039 3382 a
1060 3341 1120 3393 une

95 3407 207 3469 Kantel
222 3408 259 3468 de
274 3405 390 3487 gaules.
1037 3486 1040 3492 1
1081 3407 1087 3417 ’
1147 3480 1149 3484 .

134 3499 258 3577 Ingram
273 3494 321 3555 del
333 3493 420 3556 Merk
437 3492 473 3575 de
487 3492 592 3579 goulet
607 3514 623 3553 a
641 3514 698 3555 une
712 3492 774 3554 lion
790 3510 928 3575 rampant
942 3494 1085 3585 dargent„

136 3582 255 3644 Walter
270 3576 379 3644 Marlel
395 3582 432 3643 de
446 3584 550 3667 goules
566 3602 582 3643 a
599 3584 664 3643 treis
680 3579 829 3643 rnartellee
845 3585 980 3665 dargent.

135 3672 302 3733 Baudewin
315 3670 351 3732 de
367 3671 485 3733 Frivllle
498 3671 535 3733 de
547 3690 643 3751 repra
659 3690 716 3731 une
730 3669 823 3751 croyz'
830 3670 946 3753 patiant·
954 3671 992 3732 de
1002 3671 1117 3755 goules.

135 3759 267 3823 William
278 3758 482 3843 ¹Dod'1ngceles
499 3760 625 3844 dargent
647 3779 665 3820 a
687 3778 748 3820 une
762 3755 884 3821 felle‘de
897 3760 1004 3843 gaules
1017 3782 1034 3824 n
1045 3758 1123 3825 deus
1147 3816 1151 3825 .
1240 3815 1253 3848 ·.

52 3882 56 3889 ·
91 3848 209 3911 roueles
225 3851 262 3911 cle
277 3848 361 3931 gules
377 3870 406 3911 v.
424 3846 503 3912 chef.

137 3936 253 3999 Robert
268 3934 419 4021 Augeuyn
434 3937 471 3998 de
485 3934 589 4019 goulet
605 3955 622 3997 a
636 3946 696 3997 une
713 3933 912 3998 florettedor.

138 4026 240 4107 Philip
253 4027 405 4089 Marmion
419 4025 457 4085 de
471 4044 540 4105 veyr
555 4044 572 4084 a
586 4044 645 4085 une
660 4020 726 4085 felle
747 4021 785 4085 de
799 4024 915 4106 goules.

22 4154 28 4169 .
139 4112 287 4175 Edwarde
301 4115 338 4175 de
354 4113 473 4195 paveley
489 4114 598 4175 dazure
612 4132 628 4171 a
645 4130 687 4172 un
703 4131 789 4193 croys
804 4112 860 4173 dor
874 4102 1022 4173 recersele.

138 4204 235 4284 Hugh
251 4204 290 4265 de
306 4198 386 4265 Huse
401 4204 491 4265 Barre
505 4201 638 4263 dermine
659 4199 729 4262 ede
744 4199 857 4281 goulet.
935 4202 939 4212 '

138 4290 237 4377 Philip
253 4292 290 4354 de
316 4290 354 4355 liz
379 4290 527 4359 Marmion
547 4286 669 4355 ebattile
693 4288 819 4373 <largent
840 4306 857 4353 e
880 4287 918 4354 de
938 4288 1045 4375 goules
1071 4307 1122 4349 en·

95 4376 200 4447 dente.
1027 4391 1034 4401 “

316 4484 337 4545 4
1044 4459 1126 4541 John
