2925 4900
104 307 107 314 ·
179 305 242 375 612
506 305 809 402 JoANNrs
868 259 1191 366 LELAN'or

395 443 439 504 Le
454 447 562 504 c'ounte
576 441 784 523 Chaurnpaine
799 434 923 505 dazur⁸a
943 461 1003 504 une
1017 439 1114 503 bende
1133 437 1263 522 dargent
1286 456 1305 500 a
1328 456 1393 501 cu·

353 526 442 593 stores
458 527 513 590 dor
528 528 669 610 diasprez.

395 620 440 680 Le
455 631 565 677 counte
581 616 617 678 de
633 615 760 679 Restelle
771 617 808 679 de
822 617 927 698 goules
942 637 959 676 a
974 617 1045 678 trels
1059 612 1188 677 rastelles
1202 612 1270 676 dor.

396 707 441 766 Le
455 717 567 766 counte
583 704 620 767 de
635 707 731 786 Joeny
749 705 787 767 de
800 706 885 789 gules
900 726 917 766 a
932 725 990 770 une
1004 703 1070 788 egle
1084 703 1221 786 dargent.

643 809 661 854 P

396 878 442 936 Le
456 888 569 952 counte
581 874 619 935 de
633 877 709 958 nge
723 874 816 942 dazur
827 896 846 940 a
857 896 899 940 un
908 875 971 941 lion
985 887 1146 958 raumpant
1156 872 1245 936 barre
1257 868 1392 956 dargent

353 976 383 1023 et
398 962 435 1024 de
448 963 551 1045 goules
566 981 688 1024 coronee
704 962 770 1026 dor.

399 1054 444 1114 Le
459 1052 540 1125 doke
556 1047 592 1110 de
607 1051 724 1114 Breban
740 1052 778 1113 de
789 1047 868 1114 sable
883 1072 900 1116 a
915 1073 956 1116 un
969 1050 1030 1116 lion
1045 1062 1183 1132 rampant
1199 1046 1268 1112 rlor.

399 1141 445 1200 Le
459 1137 522 1198 duk
536 1135 684 1200 dostriche
699 1139 736 1199 de
749 1139 854 1222 gouler
870 1160 887 1201 a
901 1159 943 1201 un
958 1135 1027 1209 felle
1042 1138 1179 1220 dargent.

399 1228 445 1290 Le
459 1224 522 1287 duk
533 1225 705 1318 depssavaire
719 1225 812 1292 maele
827 1226 864 1292 de
878 1242 1014 1312 argente
1028 1227 1133 1288 dazo'r.

295 1376 297 1382 ,
399 1316 445 1375 Le
459 1311 522 1374 duk
538 1313 576 1374 de
590 1312 723 1375 Poulane
742 1314 798 1377 dor
817 1334 834 1374 a
849 1333 891 1377 un
908 1315 974 1399 egle
999 1314 1038 1380 de
1053 1313 1128 1377 sable
1150 1332 1168 1377 a
1189 1331 1251 1375 une
1265 1309 1391 1377 crellant

356 1421 393 1470 on
409 1400 437 1462 la
452 1415 577 1484 petryne
591 1402 726 1486 dargent.
748 1437 751 1445 =

384 1491 449 1551 'Le
463 1487 542 1551 duke
556 1489 594 1552 de
617 1491 755 1570 Loreyne
771 1488 860 1552 dora
880 1510 942 1552 une
962 1489 1060 1553 bende
1083 1489 1122 1555 de
1145 1487 1253 1573 goules
1273 1507 1292 1548 a
1317 1485 1389 1550 treis
1446 1518 1447 1603 g

361 1577 441 1663 egles
456 1576 583 1660 dargent
597 1599 635 1640 en
648 1577 678 1644 la
693 1578 801 1644 bende.
1168 1656 1174 1665 ·
1446 1626 1447 1631 κ

405 1668 450 1727 Le
465 1664 527 1727 duk
543 1666 580 1727 de
596 1665 763 1748 Luneburg
777 1667 904 1748 dargent
917 1687 935 1728 a
949 1686 992 1728 un
1005 1666 1068 1728 llon
1080 1665 1117 1728 de
1125 1662 1233 1748 goules
1249 1677 1389 1748 rampant

361 1773 379 1822 a
397 1752 425 1813 la
441 1754 528 1815 bowe
541 1771 646 1833 croyze
660 1775 676 1814 e
691 1773 817 1820 coronee
832 1751 900 1820 dor.
1247 1805 1254 1823 .

361 1927 380 1989 d
407 1842 453 1988 LE
466 1855 574 1904 counte
588 1839 626 1902 de
647 1842 752 1907 Guerd
768 1840 807 1909 de
820 1842 908 1931 gules
925 1860 943 1906 a
967 1861 1008 1907 un
1034 1839 1131 1908 bende
1146 1840 1277 1926 dargent
1291 1861 1311 1902 a
1323 1840 1387 1907 litte

403 1943 559 1991 rurete.
1447 1960 1448 1985 r

296 2053 301 2062 ,
383 1948 450 2076 0Le
463 1947 572 2078 counste
587 2014 623 2077 de
639 2012 785 2101 Belingoe
799 2016 891 2086 dazur
912 2038 930 2082 a
954 2037 997 2084 un
1017 2016 1115 2080 bende
1137 2016 1232 2081 dora
1255 2014 1331 2080 deus
1351 2014 1387 2077 li·

360 2103 462 2166 uncels
475 2102 530 2166 dor
545 2122 747 2187 raumponres.
985 2107 987 2111 ’
1121 2102 1124 2106 ⁴

405 2193 449 2252 Le
463 2208 574 2254 counte
589 2193 626 2254 de
641 2191 815 2276 Rampsuile
837 2193 894 2261 dor
917 2212 935 2253 a
960 2194 1030 2256 trels
1054 2190 1147 2256 rolers
1167 2189 1218 2255 sur
1231 2191 1307 2256 chel<
1326 2209 1386 2252 une

296 2337 297 2342 ,
361 2274 441 2340 roser
456 2299 515 2341 une
530 2277 593 2342 rose
607 2282 684 2348 chek
698 2303 758 2346 une
771 2279 849 2345 roser
862 2296 951 2346 verte.

407 2371 452 2428 Le
467 2386 578 2432 counre
592 2368 630 2431 de
645 2369 673 2432 la
689 2373 780 2454 petite
796 2370 890 2454 pierre
905 2370 961 2432 dor
985 2366 1013 2429 al
1028 2367 1101 2432 chef
1119 2368 1157 2433 de
1175 2368 1263 2455 gules
1288 2387 1306 2428 a
1332 2387 1388 2434 une

362 2454 506 2525 chefrune
521 2458 646 2540 dargent
662 2459 692 2522 6.
708 2456 786 2529 chef.
1448 2503 1449 2516 η

408 2547 453 2605 Le
467 2562 576 2606 couure
590 2545 628 2607 de
640 2549 783 2627 Munjoye
797 2566 814 2605 a
829 2565 886 2607 une
900 2545 966 2628 egle
980 2544 1018 2607 de
1032 2566 1113 2627 veyr.

320 2660 321 2665 κ
410 2634 455 2691 Le
481 2647 590 2694 counte
616 2631 655 2696 de
679 2631 855 2697 Leonsteloe
878 2634 1006 2716 dargent
1031 2655 1128 2697 aune
1142 2635 1205 2699 lion
1224 2631 1263 2695 de
1284 2630 1390 2717 goules
1448 2651 1449 2716 J

364 2738 475 2783 corone
491 2719 547 2782 dor
561 2718 655 2783 estant
669 2718 717 2782 sus
732 2743 793 2787 une
803 2738 883 2786 mote
894 2722 994 2782 dazur.
1224 2790 1229 2800 ¹

410 2806 532 2889 Geffrey
544 2808 582 2871 de
597 2808 713 2871 Neville
727 2811 851 2893 dargent
866 2829 883 2875 a
898 2830 956 2871 une
971 2805 1092 2878 sautour
1106 2808 1145 2873 rle
1160 2808 1290 2871 Goules.

409 2898 491 2974 John
507 2898 534 2957 le
548 2896 586 2961 fiz
602 2897 681 2975 John
699 2894 866 2980 elqoartere
881 2897 937 2960 dor
957 2898 1025 2959 ede
1039 2896 1132 2961 Gules
1158 2917 1176 2962 a
1198 2916 1240 2958 un
1258 2895 1391 2965 bordure

365 2984 490 3054 endente
504 2985 628 3067 dargent
643 3007 659 3046 e
674 2986 711 3047 de
726 3006 808 3056 azur.

284 3080 286 3087 ’
411 3074 456 3133 Le
470 3088 582 3134 counte
597 3073 634 3134 de
646 3072 818 3135 Albemarle
833 3071 871 3134 de
884 3070 969 3154 gules
984 3092 1001 3135 a
1015 3092 1076 3134 une
1088 3090 1176 3153 croyz
1192 3071 1230 3135 de
1245 3091 1327 3155 veyr.

168 3214 177 3219 .
410 3162 455 3228 Le
469 3174 580 3223 couote
595 3160 692 3226 Patriz
705 3161 744 3231 de
755 3161 840 3245 gules
856 3182 872 3227 a
887 3180 945 3223 une
959 3160 1021 3225 lion
1037 3177 1172 3243 rampant
1188 3160 1326 3243 dargent.

185 3244 255 3329 mg.
265 3266 323 3321 ιρι.
409 3242 455 3307 Le
469 3264 579 3310 counre
595 3248 632 3309 de
647 3245 767 3311 Lascele
783 3250 848 3331 pale
863 3247 918 3310 dor
933 3270 949 3309 e
963 3248 1001 3309 de
1016 3244 1104 3310 [able.

409 3336 455 3395 Le
470 3350 578 3397 counte
593 3335 629 3398 de
643 3340 743 3403 Marre
758 3336 850 3404 dazor
864 3336 961 3415 bylete
975 3335 1032 3402 dor
1046 3357 1063 3397 a
1077 3356 1137 3399 une
1156 3334 1255 3401 bende
1270 3334 1337 3403 dor.

407 3421 543 3485 William
558 3424 596 3485 de
608 3424 819 3509 Brequyndor
834 3424 945 3504 a'treys
960 3442 1034 3505 peuz
1049 3425 1086 3487 de
1100 3422 1216 3507 goules,

407 3511 453 3572 Le
468 3526 577 3572 counte
593 3511 630 3573 de
645 3509 743 3574 Cestre
765 3512 873 3575 dazore
894 3526 1004 3592 atreys
1026 3512 1134 3596 garbes
1148 3510 1214 3574 dor.

407 3597 496 3667 Alein
511 3596 611 3659 Laller
624 3599 779 3683 dargenta
798 3596 868 3665 chef
888 3600 926 3662 de
939 3598 1057 3683 goules.

409 3686 543 3747 William
554 3684 684 3749 Haolard
699 3688 793 3750 dazur
807 3708 825 3750 a
841 3702 918 3768 lreys
931 3686 1066 3753 molettes
1081 3686 1221 3771 dargent.

408 3774 545 3836 William
560 3774 598 3835 de
613 3777 675 3836 Ros
692 3776 786 3839 dazur
800 3796 817 3836 a
833 3792 909 3857 treys
930 3776 989 3838 buz
1004 3774 1070 3838 dor.

408 3866 454 3923 Le
468 3878 579 3924 counte
594 3862 732 3925 Chaloun
748 3864 785 3925 de
799 3863 904 3946 goules
919 3883 936 3923 a
952 3882 993 3924 on
1007 3861 1105 3925 bende
1119 3862 1187 3925 dor.

408 3952 488 4031 John
505 3953 622 4033 Comyo
640 3952 677 4012 de
697 3952 801 4034 goules
823 3972 840 4011 a
862 3966 940 4031 treys
960 3952 1067 4033 garbes
1081 3948 1149 4013 dor.

408 4040 454 4099 Le
469 4054 579 4101 counte
595 4039 632 4101 de
647 4039 677 4101 la
691 4040 816 4102 Marche
831 4038 916 4103 burle
930 4038 967 4101 de
983 4060 1042 4102 uoe
1065 4058 1172 4105 meone
1186 4034 1314 4107 burlure
1328 4035 1397 4099 dar·

240 4150 255 4175 ³
366 4126 586 4206 gentedazur.

412 4214 457 4274 Le
473 4205 592 4277 Courrte
607 4213 644 4278 de
658 4215 787 4281 Valence
802 4214 889 4277 hurle
903 4213 1045 4298 dargenle
1059 4227 1090 4277 et
1103 4213 1195 4279 dazor
1209 4231 1228 4273 a
1243 4210 1388 4276 merlozle

367 4299 473 4383 goulee
488 4301 653 4368 bordeaud.

411 4389 548 4453 Thomas
563 4389 601 4456 de
617 4390 702 4454 Clare
717 4388 774 4462 dor
796 4411 814 4455 a
830 4404 907 4475 treys
919 4389 1103 4461 chererouos
1120 4388 1159 4455 de
1172 4389 1280 4479 goules
1304 4406 1398 4459 aune

363 4474 566 4545 labeudazur.
1295 4479 1398 4561 Roget
