2925 4900
158 253 995 384 ‘Auriounnrmonn‘ncrtunn
1118 315 1122 319 ·
1211 274 1277 382 305
1386 337 1390 342 ,

127 431 218 494 Anno
228 433 270 491 D.
288 430 382 512 1388.
393 423 684 506 Robe'ttusKnollys
700 443 740 484 ae·
800 423 962 504 .Robertus
974 413 1279 501 Knonys'construxit

80 509 263 585 difica'vit'&
277 512 407 579 construi
432 511 503 577 fecit
527 525 650 598 pontem
674 513 749 582 Ro·
808 528 931 596 pontem
945 505 1115 585 Rosensem.

80 603 206 678 sensem.

128 696 220 756 Anno
230 695 270 755 D.
287 688 380 776 1396.
395 688 510 752 sallum
522 685 739 771 estparlamen

84 791 151 843 tum
162 780 322 854 Londonii‚
367 783 402 840 In
413 778 470 849 hoe
481 776 736 860 parlamento'dux
746 772 924 838 Laueaslriae
933 774 1019 863 petiit
1029 769 1113 858 quod
1125 779 1172 845 ἡ]

84 867 169 932 filius
181 865 249 930 suus
268 869 415 930 Henricus
426 860 612 946 judicaretur
627 865 711 927 heres
726 864 810 948 tegni
822 861 958 946 Angliae:
979 864 1026 924 cui
1041 883 1113 930 con·

84 955 211 1019 tradlxit
225 975 322 1017 comes
338 955 489 1027 Marchiae,
515 951 638 1022 asserens
653 948 680 1013 se
693 949 867 1014 descendisse
881 953 899 1014 i
911 950 1053 1013 Leouello
1067 947 1111 1012 se·
1266 1016 1269 1020 ,

84 1043 187 1105 cundo
203 1043 266 1106 filio
281 1042 427 1112 Edwardi
454 1041 541 1123 regis.
585 1043 610 1110 Ε
634 1042 784 1102 contrario
799 1037 863 1101 dux
883 1037 1001 1100 dicebat
1026 1039 1113 1121 quod
1188 1102 1191 1107 ,

84 1121 142 1193 rex
157 1131 302 1193 Henricus
319 1151 347 1214 3.
373 1129 447 1190 duos
470 1127 577 1190 habuit
592 1127 680 1202 filius,
705 1123 1060 1190 Edmundumseniotem
1082 1126 1114 1189 δι

84 1217 592 1301 primogenitum,&Eduardum:
616 1215 669 1298 qui
685 1229 782 1278 tamen
797 1213 976 1276 Edmundus
992 1212 1114 1277 dorsum
1214 1287 1218 1296 Ι
1264 1224 1269 1234 ‘

85 1305 195 1378 habuit
210 1303 351 1380 stastum,
376 1301 405 1366 dr
422 1318 542 1385 propter
558 1301 615 1370 hoc
634 1305 781 1382 judicavit
797 1299 825 1364 se
844 1299 938 1384 ipsum
955 1302 1114 1385 indignum

86 1391 308 1467 adcor²or1am3
332 1411 424 1475 quare
441 1409 523 1471 pater
548 1409 649 1452 eorum
677 1389 715 1452 stc
730 1388 807 1472 ipsos
833 1408 1010 1471 componere
1027 1387 1112 1463 secit,

86 1481 171 1564 quod
188 1481 356 1543 Edtvardus
372 1493 517 1560 regnaret,
542 1479 571 1539 &
584 1475 648 1560 post
664 1497 731 1539 eum
748 1478 870 1539 heredes
884 1478 1057 1538 Edmundi:
1082 1479 1113 1545 ἃ

87 1567 173 1644 dedit
189 1567 349 1630 Edmundo
373 1561 475 1628 comiti
493 1563 680 1640 Lancastriae,
705 1565 839 1627 &abeo
857 1561 1006 1625 descendit
1029 1569 1111 1626 Heu·

87 1655 167 1717 ricus
186 1655 264 1718 filius
279 1658 352 1736 ejus,
371 1655 438 1733 jure
465 1656 569 1716 matris
591 1673 659 1736 quae
681 1650 739 1714 suit
762 1651 823 1716 filia
848 1652 920 1714 dieti
948 1651 1114 1716 Edmundi.

88 1743 148 1804 Cui
160 1741 310 1826 respondit
320 1761 418 1804 comes
427 1737 526 1803 dicens
536 1741 594 1804 hoc
603 1761 664 1802 non
676 1740 730 1804 esse
738 1761 859 1816 verum
882 1738 932 1801 sed
944 1739 1116 1802 Edwardus

87 1827 149 1904 suit
160 1833 385 1914 primogenitus,
410 1829 439 1888 81
453 1827 626 1900 Edmundus
636 1832 680 1895 vir
691 1828 851 1912 elegantiis:
868 1842 941 1899 erat,
965 1827 995 1886 u
1009 1826 1116 1889 nobilia

88 1919 184 1991 miles,
210 1935 300 2000 prout
315 1933 396 2002 patet
418 1916 449 1978 iu
477 1917 640 1979 Chronicis.
691 1920 758 1984 Rex
784 1912 884 1982 autem
908 1910 1047 1998 imposuit
1071 1917 1114 1978 eis

89 2005 249 2068 silentium.
964 2057 968 2062 .

96 2163 98 2168 ,
133 2098 208 2170 Item
225 2095 326 2156 in‘lroc
342 2094 536 2176 parliamento
547 2093 611 2156 dux
625 2086 804 2163 Ladcallriae
825 2092 910 2175 petiit
930 2112 1030 2174 regern
1042 2091 1114 2153 dare

90 2181 145 2243 srbi
166 2183 310 2256 ducatum
335 2183 505 2265 Aquitaniae
530 2178 585 2248 sub
607 2198 687 2246 certa
710 2202 808 2248 annua
828 2179 977 2264 penfione,
1001 2182 1030 2240 8(
1052 2176 1114 2261 ipse

90 2290 147 2351 pto
163 2271 240 2351 posse
257 2284 351 2332 toturn
374 2273 549 2355 acquireret,
572 2270 647 2332 srcut
670 2286 726 2337 rex
736 2272 838 2330 Ftanc:
853 2267 936 2328 dedit
950 2267 1035 2328 illum
1049 2268 1114 2328 cui·
1237 2275 1240 2282 ’

90 2357 160 2418 dam
179 2359 274 2432 militi,
296 2356 464 2426 subeadem
479 2358 658 2420 conditione.
707 2357 764 2423 Sed
774 2358 896 2417 comites
905 2355 942 2416 de
950 2352 1114 2430 Glocester,

90 2445 238 2520 Arundel
263 2447 440 2510 &Watwik
454 2445 713 2510 contradixerunt.
820 2502 825 2510 ,
1232 2501 1235 2509 ,

134 2534 217 2596 Obiit
232 2536 319 2597 Anna
339 2538 440 2619 regina
461 2534 552 2619 Augl:
577 2535 606 2595 in
623 2535 755 2597 manerio
780 2533 817 2595 de
841 2533 947 2608 Shene,
977 2532 1008 2593 8(
1033 2528 1115 2615 apud
1127 2534 1182 2599 rag.
1197 2536 1251 2593 ³⁸4·

91 2619 296 2685 Wellminsier
311 2618 424 2705 sepulta
445 2622 486 2685 est
501 2642 580 2685 anuo
605 2626 652 2685 18.
672 2618 907 2685 Richard121:·'
929 2661 938 2667 ··

2 2767 8 2797 ‚
134 2712 224 2772 Anno
236 2714 276 2772 D.
298 2729 391 2791 1397.
414 2712 581 2779 Richardus
602 2709 688 2771 duxit
703 2711 732 2769 in
749 2728 873 2771 uxorem
887 2705 1042 2792 Isabellam
1055 2709 1114 2770 vir·

4 2804 6 2809 '
75 2795 190 2876 ‘ginem
208 2817 237 2881 9.
262 2816 420 2871 annorum,
446 2797 541 2859 filiam
556 2799 753 2879 regisFranc.
1099 2839 1107 2845 .

136 2881 380 2967 Archiepiscopns
406 2888 551 2947 Cantuar:
580 2885 698 2945 nomine
717 2881 854 2946 Arundel
881 2878 1003 2945 fratrem
1028 2878 1114 2945 suum

92 2971 229 3032 comitem
244 2972 379 3041 Arundel
402 2972 440 3034 ad
467 2990 565 3055 regem
581 2970 726 3033 deduxit:
763 2972 812 3033 cui
827 2969 1045 3053 archiepiscopo
1061 2990 1114 3037 rex

92 3054 273 3121 securitatem
288 3059 417 3141 praellitit
428 3075 482 3142 pto
493 3060 600 3122 comite
611 3057 696 3141 super
710 3077 820 3141 corpus
832 3058 941 3121 Chrisli
951 3058 1093 3139 jurando.

136 3150 242 3211 Comes
259 3146 357 3229 postea
373 3170 441 3229 rege
456 3147 624 3210 clanculum
642 3148 770 3229 jubente
783 3148 905 3209 inimico
919 3143 972 3211 suo
987 3145 1118 3210 traditur

8 3308 10 3315 Ι
94 3222 359 3307 Custodienduain
374 3234 467 3299 insula
483 3238 520 3298 de
532 3236 649 3318 Wight.
737 3278 753 3295 -.

136 3323 230 3385 Dixit
245 3344 298 3385 rex
317 3324 485 3387 Richatdus
508 3325 576 3385 duci
594 3322 776 3398 Gloceslriae‚
809 3325 914 3405 “Ego
931 3318 1126 3384 tearrello.’'.

94 3409 151 3471 Cui
167 3409 247 3471 dux:
284 3419 304 3445 ‘⁴
319 3410 456 3473 Gratiose
471 3414 565 3494 agatis
581 3432 695 3473 mecum
718 3410 860 3473 salvando
874 3411 966 3472 viram
986 3414 1117 3475 meam.’.’

50 3497 53 3501 ’
95 3498 153 3559 Cui
168 3518 238 3573 rex:
265 3506 284 3533 ‘¹
304 3498 389 3561 Illam
402 3492 528 3583 gratiam
540 3498 662 3561 habebis
678 3520 769 3584 quam
783 3496 938 3579 praestitisti
952 3498 1066 3561 Simoni
1077 3497 1116 3558 de
1207 3489 1218 3516 ³

96 3592 115 3621 ‘¹
138 3582 325 3666 Butleycum
342 3587 442 3669 regina
457 3607 557 3648 coram
574 3604 602 3649 te
616 3584 754 3649 dederat.
779 3589 875 3674 Legas
891 3584 975 3659 isla,'’
998 3586 1116 3647 tradens

94 3670 262 3751 schedulam
279 3672 473 3744 accusationis
491 3674 557 3745 strae.
604 3676 663 3735 Cui
686 3675 771 3735 dux:
805 3673 892 3737 “Ad
918 3673 972 3735 ista
997 3674 1114 3755 respon·

96 3768 117 3798 ¹¹
139 3760 305 3823 debimus.”
351 3766 423 3824 Dux
438 3782 509 3824 vero
535 3762 661 3823 traditus
676 3760 716 3823 esl
732 3762 836 3828 comiti
862 3762 900 3825 de
914 3760 1115 3845 Notingham,
1177 3836 1192 3874 ο

807 642 1026 726 Competitores
1041 639 1125 724 regui
1138 639 1233 728 Angla
1249 718 1257 732 ‚
1330 649 1333 652 ’

63 3856 65 3861 “
94 3850 146 3933 qui
163 3868 231 3923 eum
246 3848 391 3911 Calesram
407 3850 435 3909 in
451 3848 613 3911 cuslodiam
632 3850 782 3929 perduxit.

106 3940 116 3950 “
135 3936 209 4082 {lux
231 3940 351 4026 propria
372 3958 461 3999 manu
484 3934 594 4020 scripsit
617 3934 788 4019 responsum
814 3936 854 3999 ad
874 3932 1046 4000 schedulam
1066 3958 1114 4000 ac·
1203 4019 1205 4022 Ι

96 4040 262 4093 cuatronts.
469 4092 472 4097 ,
1053 4050 1058 4059 ·

97 4123 102 4185 j
138 4112 276 4193 Cumque
291 4110 438 4195 responfio
453 4115 515 4197 regi
542 4134 602 4177 non
625 4114 764 4196 placeret,
788 4112 943 4175 mandavit
958 4110 1012 4175 sub
1031 4131 1118 4195 poena

95 4200 199 4260 mortis
214 4202 315 4261 comiti
325 4204 362 4262 de
375 4204 571 4285 Notinglram
595 4202 675 4282 quod
691 4200 786 4281 ipsum
801 4202 960 4263 occideret.
1005 4203 1045 4263 Et
1059 4198 1119 4281 ipse

95 4284 208 4347 tranfiit
233 4288 270 4347 ad
294 4288 448 4363 Calesram,
488 4290 516 4351 dc
540 4290 652 4359 ibidem
676 4289 784 4352 famuli
806 4291 924 4353 comitis
947 4309 1017 4351 cum
1037 4288 1118 4371 lec‘lo

95 4372 220 4474 plumali
239 4370 447 4462 superducent
473 4376 571 4461 posrto
585 4374 681 4465 ipsum
701 4376 828 4443 viriliter
847 4375 1043 4452 suffocabant,
1066 4394 1117 4522 olc-

154 4472 157 4481 ‘
599 4466 604 4476 '
1040 4482 1078 4526 cu
1093 4476 1121 4525 te
