2925 4900
52 252 56 254 ’
161 268 988 359 Anrrounnrrcotnncrnnnn.
1117 300 1120 307 .
1208 274 1282 366 352
1369 332 1372 337 .

12 393 15 450 ἑ
67 404 167 479 titur,
190 404 245 487 qui
262 402 301 466 ab
321 403 426 466 incolis
448 399 530 466 iliius
553 401 744 487 gentissons
758 400 851 467 saneti
866 402 996 471 oswaldi
1018 408 1114 475 nomi·
1156 416 1185 437 “·
1254 428 1265 443 “

11 503 14 540 1
69 508 177 557 natur.
223 496 263 553 Et
274 494 304 554 in
315 494 380 575 ripa
388 488 530 555 fonticuli
542 493 630 554 arbor
639 492 812 576 pergrandis
827 494 954 557 radicari
968 498 1112 577 cernitur,

12 592 15 630 ι
68 577 136 641 sub
152 580 262 643 umbra
285 584 371 660 quus
394 581 532 643 culminis
549 597 628 662 pene·
648 594 712 643 tota
726 576 818 643 sontis
840 584 995 647 amoenitas
1008 604 1113 649 conte·

11 685 13 718 1
69 670 174 749 gitur.
220 672 290 730 Non
305 668 397 758 longe
411 669 481 736 iude
496 669 548 733 ubi
562 688 642 732 nunc
655 670 746 754 arbor
759 665 890 731 nascitur
904 688 995 755 caput
1007 676 1040 736 S.
1057 674 1112 741 Os·
1316 753 1320 763 ¹

72 756 173 818 waldi
188 778 258 819 cum
273 760 411 819 manibus
434 775 610 840 perannum
625 758 778 841 integrum
790 756 940 841 stipitibus
956 760 1048 823 infixa
1061 760 1112 827 su·
1218 807 1222 815 ,

12 849 13 884 ³
72 859 181 908 erunt.
224 848 299 929 Qto
314 843 380 929 post
396 863 508 908 annum
531 845 688 908 deveniens
714 864 785 907 cum
812 848 945 909 exercitu
966 847 1056 913 frater
1077 853 1116 915 dc

70 930 223 995 successor
240 954 304 1016 reg:
320 935 384 1014 ejus
399 931 500 996 Oswin
522 953 556 995 ea
575 930 718 997 abstulit:
751 934 889 1017 &caput
908 936 939 997 in
964 940 1117 1004 coemiter:

12 1025 14 1060 ³
70 1020 268 1084 Lindissarn:
283 1022 357 1084 ecci:
374 1025 405 1084 in
422 1023 528 1106 “regia
542 1040 615 1084 vern
628 1023 749 1085 civitate
767 1042 889 1085 manum
904 1044 975 1088 cunt
988 1026 1113 1099 brachio

11 1115 14 1151 '·
69 1110 233 1172 condidit:
258 1110 374 1193 reliqua
388 1129 461 1173 vero
485 1112 549 1191 ejus
572 1109 631 1171 ossa
652 1112 751 1193 primo
775 1111 895 1174 condita
908 1110 978 1176 sunt
1000 1117 1032 1177 in
1046 1134 1112 1179 mo·

12 1205 13 1240 ³
70 1195 188 1261 naster:
199 1198 237 1260 de
248 1198 420 1278 Bardeney:
445 1197 579 1282 processu
596 1202 739 1281 temporis
754 1196 824 1261 inde
834 1198 983 1264 Glocestr:
999 1203 1030 1269 in
1043 1220 1110 1269 mo·

12 1323 14 1333 =
65 1284 182 1349 naster:
197 1300 271 1349 tnnc
282 1288 444 1354 monacho:
467 1284 536 1350 sunt
549 1285 702 1353 transsata
745 1290 928 1368 C'aputvero
942 1290 972 1352 in
982 1290 1105 1357 brachio
1113 1300 1172 1367 mg.
1181 1302 1244 1367 μη

12 1395 13 1398 ¹
69 1379 107 1436 S.
125 1376 304 1437 Cutheberti
317 1378 498 1450 continetur,
522 1394 628 1437 manus
643 1374 750 1438 dextra
765 1394 835 1437 cum
849 1375 974 1440 brachio
988 1381 1020 1443 in
1038 1400 1106 1445 mo·

66 1461 184 1525 naster:
198 1464 237 1524 de
251 1468 336 1547 Burg
350 1465 431 1526 Petri
445 1458 619 1547 incorrupia
636 1466 667 1525 &
688 1464 805 1547 integra
824 1464 915 1543 juxta
930 1482 1035 1533 votum
1050 1472 1105 1533 Ai-

11 1565 13 1570 ’
67 1551 156 1613 daini
171 1547 301 1633 episcopi
315 1548 456 1615 servatur.
895 1567 898 1575 “

118 1642 151 1702 8.
166 1636 301 1701 Aidanus
316 1636 462 1723 episcopis
477 1638 554 1703 obiit
574 1637 608 1703 in
622 1636 692 1703 tilla
706 1631 789 1723 regia
809 1658 870 1704 non
884 1641 1008 1727 longeai
1026 1644 1105 1711 Beb-

67 1726 183 1791 borbia
197 1745 276 1788 anno
290 1730 331 1791 D.
348 1731 424 1812 ⁶5¹·

117 1812 241 1898 Corpus
256 1815 381 1878 Aidani·
392 1816 491 1901 primo
512 1812 660 1899 sepultum
681 1815 713 1877 in
739 1818 903 1880 coemiterio
921 1816 1103 1887 Lindissarn:

64 1900 174 1987 postea
188 1904 220 1965 in
236 1897 510 1967 novam'ecclesram
525 1906 605 1967 Petri
619 1902 731 1965 ibidem
746 1904 946 1969 construdinm
962 1910 1102 1973 transsata

64 1990 141 2055 sunt
166 1991 225 2053 ossa
238 1992 359 2071 Aidani,
384 2008 475 2077 atque
490 1992 529 2058 ad
551 1992 704 2055 dexteram
724 1993 827 2057 altaris
849 1994 915 2059 fita.
959 1999 1106 2089 Qtorum

66 2092 191 2165 partem
206 2078 392 2143 Colmannus
408 2084 438 2144 in
454 2082 600 2143 Scottiam
616 2082 731 2143 rediens
746 2080 844 2144 secum
860 2084 941 2147 tulit.

116 2168 249 2231 Finanus
274 2186 306 2233 2.
328 2164 483 2253 episcopus
500 2167 687 2233 Lindissarn:
711 2168 876 2233 construxit
899 2190 1007 2235 novam
1028 2174 1106 2239 ecci:

65 2252 234 2319 secundum
245 2277 360 2321 morem
374 2260 473 2339 patriae
485 2253 544 2320 suae
555 2258 738 2335 Lindissarni
750 2278 788 2322 ex
803 2260 911 2323 robore
923 2256 1002 2323 sesso
1013 2280 1105 2345 quam

66 2344 221 2407 arundine
231 2346 317 2408 texit.
357 2344 544 2408 Theodorus
556 2344 793 2430 archiepiscopus
801 2350 947 2413 Cantuar:
962 2348 1039 2411 hanc
1051 2348 1105 2412 de·

66 2431 202 2496 dicavit:
224 2428 275 2496 sed
289 2432 461 2498 Eadbertus
475 2432 631 2519 episcopus
646 2432 831 2500 Lindissarn:
847 2436 947 2500 ablata
960 2436 1106 2504 arundine

66 2520 189 2604 plumbi
204 2520 321 2586 laminis
335 2543 400 2586 eam
424 2524 589 2612 cooperuit.
601 2591 605 2602 ,
635 2526 693 2586 Hic
711 2526 845 2586 Finanus
857 2523 1019 2608 baptizavit
1031 2529 1107 2590 Pea-

67 2607 143 2672 dam
168 2610 333 2694 principem
355 2614 511 2677 Mediterr:
527 2612 620 2696 Angl:
644 2613 675 2674 in
690 2613 822 2693 provint:
835 2611 1102 2680 Northanhumbr:

68 2699 102 2759 ἃ
117 2698 240 2760 tradidit
260 2701 288 2760 ei
301 2721 335 2778 4.
361 2702 544 2783 presbyteros
564 2703 603 2762 ad
617 2699 826 2783 baptizandam
846 2703 909 2782 ejus
923 2717 1058 2786 gentem.

117 2785 274 2868 sigbertus
297 2807 352 2850 rex
376 2791 493 2851 Orient:
516 2793 586 2850 Sax:
608 2787 648 2850 ab
668 2789 775 2858 eodem
798 2790 910 2866 Finano
936 2793 1104 2871 baptizatus

70 2869 126 2937 est.
172 2873 328 2957 Siquidem
344 2878 471 2958 provint:
494 2875 543 2939 illa
558 2873 659 2952 fidem,
684 2897 775 2960 quam
792 2877 865 2950 olim
879 2877 1001 2961 expulso
1021 2879 1104 2940 Mel·

69 2964 129 3026 lito
145 2961 291 3042 abjecerat
307 2961 431 3027 consilio
446 2964 525 3049 regis
541 2961 645 3042 oswii,
667 2961 799 3029 bfidems
811 2967 974 3054 praeldicat:
999 2966 1105 3033 cedde

70 3052 214 3116 monach:
230 3049 433 3116 Lindisfaecn:
450 3055 570 3136 recepit.
1014 3105 1017 3110 .

69 3223 93 3290 fi
115 3140 173 3288 Hifc
188 3141 291 3206 cedde
306 3143 391 3226 prius
409 3141 491 3226 apud
511 3142 668 3207 Mediterr:
682 3141 776 3226 Angl:
792 3141 1017 3228 praedicaverat,
1038 3161 1102 3222 nort
1136 3181 1139 3188 .

95 3249 133 3290 ne
160 3227 260 3292 rudbu.
332 3280 335 3301 ‚
769 3266 771 3270 ‚

116 3315 219 3380 Cedde
234 3316 252 3378 a
268 3319 384 3381 Finano
398 3315 496 3382 fastus
513 3314 667 3402 episcopus
682 3319 799 3384 Orient:
816 3323 886 3384 Sax:
909 3319 963 3404 qui
978 3331 1104 3404 accepto

70 3405 168 3489 gradu
187 3401 275 3489 episc:
299 3405 388 3469 rediit
408 3406 447 3469 ad
470 3410 601 3490 provinte
620 3410 650 3470 &
664 3410 695 3470 in
709 3409 793 3471 civit:
817 3427 887 3490 quae
909 3405 1103 3472 Ithamcester

18 3517 21 3522 ·
69 3491 250 3576 appellatur,
267 3495 344 3557 &in
359 3494 540 3579 Tilaburge‚
557 3497 699 3582 (quarum
715 3498 796 3579 prior
816 3493 857 3558 est
870 3499 899 3560 in
914 3499 979 3578 ripa
988 3499 1100 3574 Pentec,

70 3578 203 3645 secunda
231 3584 262 3647 in
290 3584 355 3664 ripa
380 3583 560 3665 Tamenfis,)
592 3583 720 3649 collecto
750 3587 887 3648 examine
914 3584 1102 3650 famulorum
1212 3637 1215 3642 ,

70 3668 183 3734 Christi
207 3667 393 3753 disciplinam
414 3676 485 3735 vitae
511 3673 605 3757 regns:
628 3671 776 3737 custodire
798 3667 911 3737 docuit.
957 3673 1120 3736 Tertium'

68 3757 228 3822 monaster:
244 3761 276 3822 in
292 3757 451 3842 Lestingey
465 3759 644 3838 construxit,
667 3764 698 3824 in
713 3781 777 3844 quo
792 3759 853 3844 ipse
868 3763 996 3824 moriens
1015 3761 1101 3824 dedit

70 3845 146 3910 illud
157 3847 323 3932 regendum
335 3846 422 3911 fratri
435 3845 489 3911 suo
501 3850 625 3926 Ceddae,
641 3852 696 3932 qui
705 3852 736 3912 &
747 3845 808 3932 ipse
819 3851 957 3912 monach:
981 3845 1101 3912 Lindis·

71 3934 151 3997 farn:
168 3939 290 4002 &unus
312 3957 418 3999 eorum
431 3956 510 4020 quos
524 3939 659 3999 Aidanus
674 3935 830 4021 episcopus
845 3938 993 4002 educavit.
1040 3939 1099 4000 Hic
1221 3969 1222 3972 ¹

71 4023 170 4114 postea
184 4023 243 4088 suit
255 4026 348 4088 Ebor:
365 4021 531 4109 episcopus,
549 4027 578 4086 dt
593 4023 694 4108 postea
704 4025 829 4104 jubente
842 4027 1011 4092 Theodoro
1024 4023 1099 4110 epis·

71 4131 165 4193 copus
191 4115 223 4174 in
248 4111 433 4178 Licheselde.
478 4113 663 4176 Colmannus
689 4111 835 4176 defundio
855 4113 968 4176 'Finano
988 4135 1037 4178 1oe
1053 4111 1250 4191 suine-sm

73 4199 161 4282 episc:
175 4218 254 4263 anno
264 4199 405 4267 successit.
452 4204 509 4267 istc
524 4197 634 4264 exactis
648 4203 679 4264 in
693 4196 783 4282 episc:
798 4219 827 4283 3.
845 4203 928 4264 annis
940 4218 1005 4265 orta
1015 4225 1100 4286 quae·

73 4285 163 4359 stione
188 4289 226 4357 de
245 4290 447 4356 observatione
471 4287 569 4372 pasch:
595 4289 677 4374 apud
704 4289 923 4370 Streneshaulc,
945 4291 1100 4358 &ibidem

302 4413 305 4423 ·
392 4399 503 4468 attegio
514 4399 575 4451 MS.
625 4397 782 4458 &sedandam
854 4448 859 4456 x

766 4465 767 4470 ’
1015 4465 1100 4553 adju·
