2925 4900
170 251 525 342 ANTIQUARII
568 248 1003 321 COLLECTANEAE
1215 278 1287 348 445

82 427 92 456 ,·
110 383 295 448 ..wulfricus
305 381 463 448 sacerdotis
477 403 601 448 munere
614 381 772 466 aliquanto
786 399 922 468 tempore
933 381 1056 450 fuuStus
1068 383 1113 452 est

85 472 211 547 invilla,
234 494 305 555 quae
321 471 484 536 Diverelles
499 471 620 537 dicitur.

128 561 301 630 Gulielmus
316 562 457 622 dominus
472 559 548 622 villae
564 559 602 620 de
618 558 784 622 Diverellis.

129 645 310 731 Haselberga
325 647 395 722 villa
409 647 557 719 Gulielmi
571 643 679 710 distans
693 647 794 711 versus
807 647 954 715 orientem
969 669 1023 732 30·
1038 651 1112 734 pafft

85 736 160 808 mill:
176 737 214 797 ab
230 737 355 802 Exonia.

128 819 294 885 Wulfricus
308 821 458 886 familiaris
472 821 637 888 Gulielmo.

85 909 296 1062 slWulfrieus
310 914 450 998 migravit
474 913 505 975 iu
529 909 810 992 cellulamuiuiuam
833 909 960 976 ecclessae
982 910 1022 978 de
1045 916 1108 979 Ha·

97 1020 112 1062 e
125 1001 226 1082 berge.
251 1055 254 1064 ,
1114 1024 1119 1031 ’

63 1095 65 1106 “
128 1075 296 1155 Wulfri‘cus
312 1107 368 1170 pro
381 1086 497 1158 iudufio
512 1086 589 1150 lineo
602 1085 693 1158 lorica
709 1082 803 1147 ferrea
817 1083 888 1148 usus
901 1085 953 1154 est.

128 1173 300 1238 Gulielmus
311 1173 468 1244 conversus
478 1172 629 1257 hospitali·
638 1175 675 1246 de
686 1174 786 1245 Forda,
793 1169 944 1242 familiaris
951 1173 1109 1249 Wulfrico,

128 1265 312 1340 Brichtricus
326 1261 421 1341 socius
431 1259 571 1334 Wulfrici
586 1264 631 1325 vir
643 1257 769 1331 sununs.

204 1393 228 1464 ⁸.
272 1453 275 1458 .
305 1368 376 1464 52ss
393 1368 464 1461 libro
478 1401 602 1478 joannis
617 1397 651 1460 de
666 1400 736 1461 vita
750 1397 814 1460 Wul
824 1399 891 1463 rici.
969 1422 974 1434 ·

127 1523 298 1590 Eilwardus
312 1525 350 1588 de
363 1525 535 1610 Saleffbirga.

128 1615 252 1684 Beatrix
265 1612 327 1674 filia
342 1614 471 1676 dominae
485 1616 523 1677 de
537 1609 709 1695 Haselberg.

127 1705 222 1766 Bente
236 1702 343 1765 mulier
356 1700 476 1764 illustris
490 1697 595 1783 pransa
609 1699 651 1762 est
670 1699 752 1782 apud
762 1696 957 1762 Wulfricum.

126 1789 269 1851 Ailredus
288 1791 326 1852 de
341 1789 498 1852 Lincolnia
512 1789 593 1852 filius
613 1793 723 1851 Bentae.

128 1881 235 1961 Drogo
264 1876 302 1939 de
327 1881 438 1941 Muucz
464 1873 636 1946 familiariff:
659 1877 791 1938 Henrico
811 1875 910 1957 primo
928 1875 994 1960 regi
1016 1871 1110 1960 Angla

85 1962 302 2046 blasphemavit
326 1972 429 2028 nomen
444 1963 593 2028 Wulfrici.

73 2125 77 2133 ¹
129 2055 274 2126 Henuiuus
296 2056 409 2135 primus
423 2073 476 2116 rex
491 2073 634 2116 unacum
655 2055 757 2136 regina
771 2047 959 2114 Wulfricum
972 2045 1112 2128 invisunt,

85 2161 151 2224 quo
166 2156 301 2224 tempoue
315 2145 423 2226 Drogo
446 2138 667 2226 blasphemator
681 2141 817 2202 infirmus
837 2138 878 2201 ab
893 2135 1044 2201 Wulfrico
1057 2159 1111 2201 cu·

85 2243 169 2300 ratus
184 2227 237 2298 est.

129 2317 304 2382 Gilebertus
317 2318 408 2382 abbas
420 2317 457 2380 de
471 2316 638 2398 Waverley.

98 2468 101 2483 ,
130 2405 278 2469 Henricus
306 2407 397 2469 abbas
414 2406 452 2469 de
467 2408 598 2471 Tintern
622 2403 752 2471 succeffit
774 2401 916 2467 Gilberto
934 2401 966 2465 in
992 2396 1112 2465 abbatia

87 2495 125 2557 de
137 2496 307 2577 waverley.

130 2583 261 2659 Joannes
290 2581 478 2647 Anachoreta
515 2583 552 2647 de
578 2581 794 2645 Winterburna
815 2598 883 2663 quae
907 2574 949 2641 est
981 2576 1013 2640 iu
1037 2596 1116 2661 pago
1220 2584 1223 2590 '

87 2669 263 2735 Dorsetenfi.

130 2758 297 2828 wulfricus
311 2760 404 2843 longo
418 2773 551 2843 tempore
564 2755 670 2829 claruit
685 2753 788 2841 spiritu
809 2752 985 2834 propheuiae.

128 2848 263 2911 Matildis
277 2849 340 2912 xvi.
363 2866 437 2931 pene
465 2865 559 2909 annos
587 2844 835 2905 Anachoreticam
860 2841 952 2900 vitam
967 2840 1059 2901 duxit
1080 2841 1113 2903 in

86 2937 257 3012 wercum,
280 2956 352 3019 opp:
370 2929 553 2999 Dorsetenfis
566 2933 731 3017 provintiae,
754 2930 807 2993 ubi
826 2926 932 2990 cellam
946 2922 1112 2996 construxit

86 3036 220 3108 tempore
233 3022 384 3089 Wulfrici.

128 3112 294 3192 Jeretrudis
309 3111 419 3176 famula
432 3110 567 3184 Matildis
582 3108 725 3171 Dominae
741 3102 881 3169 succeffit.

129 3200 280 3267 ChrIssina
295 3200 355 3263 filia
371 3198 518 3263 Richildis
533 3199 563 3260 iu
578 3196 682 3259 eadem
696 3194 772 3275 cejlla
786 3190 917 3257 succeffit
927 3189 1089 3275 Jeretrudi.
1204 3193 1208 3199 ’
1279 3188 1283 3193 ’

130 3288 298 3353 Richardus
314 3288 465 3369 presbyter
487 3287 525 3349 de
545 3282 750 3347 Coriscumbe.
1006 3298 1010 3305 ’
1081 3324 1087 3331 .

130 3371 331 3459 Sampsoude
346 3376 515 3451 Lincolnia,
537 3373 582 3435 vir
608 3392 669 3439 nou
686 3372 766 3453 parvi
786 3368 925 3444 nominis,
947 3364 1112 3431 avunculus
1123 3394 1250 3460 pam&

86 3448 213 3528 Alure'di
236 3465 274 3527 de
303 3463 458 3525 Lincolnia
480 3462 533 3544 qui
558 3478 637 3521 nunc
658 3455 795 3543 superest,
817 3454 909 3520 frater
929 3451 989 3517 fuit
1011 3456 1111 3519 uxoris

87 3552 232 3616 Guliehni
247 3549 314 3615 [3¹¹⁵.
330 3552 368 3614 de
383 3548 551 3633 Haselberg.
698 3552 700 3559 ’
923 3565 925 3570 ·

130 3645 267 3723 Rogerus
284 3638 320 3701 de
334 3642 458 3715 Nunant
476 3641 520 3699 vir
535 3651 649 3723 potem.

132 3729 286 3791 Robertus
302 3728 341 3789 de
355 3730 386 3788 S.
399 3726 518 3788 Albano
536 3724 699 3788 monachus
710 3719 878 3786 Fordensut.

129 3817 302 3897 Gulielmus
317 3815 396 3877 fillus
410 3815 547 3897 Gualteri
568 3814 719 3886 Dominus
737 3811 775 3873 de
791 3807 978 3891 Haselberge.

131 3902 297 3968 Durandus
318 3904 356 3965 de
380 3902 499 3965 Mohun
521 3900 614 3976 miles,
646 3898 737 3979 frater
761 3899 865 3961 uxoris
889 3892 1034 3958 Gulielmi
1058 3893 1115 3966 filii

86 3992 236 4057 Gualteri.

131 4080 250 4143 Widele
263 4080 331 4144 villa
345 4076 488 4143 Gulielmi
505 4075 557 4139 filii
573 4074 731 4136 Gualterii.
890 4133 893 4142 ,

129 4168 300 4231 Gulielmus
313 4168 393 4232 filius
404 4166 541 4229 Gualteri
552 4162 678 4225 instituit
688 4160 854 4225 eanonicus
868 4161 1017 4246 regulares
1028 4156 1112 4243 apud

87 4253 275 4341 flaselberge‚
299 4257 392 4320 &eos
407 4252 626 4339 poffeffionibus
642 4248 756 4316 ditavit.
1053 4282 1056 4288 ,

1017 4407 1113 4476 Verba
