2925 4900
49 231 57 252 l
169 285 512 379 Aurtqunrttt
552 241 961 399 poLLECTANEA.
1195 275 1276 375 ‘399'
1411 361 1418 370 Ι

288 422 339 481 'Ex
348 415 472 499 secundo
486 414 559 479 libro
577 413 756 495 epssolarum
778 412 885 477 Albini.

182 545 230 603 Ex
242 539 357 624 eppsosa
372 539 471 603 Albini
485 524 993 643 adAEdishardumurchiepffcopum.
1123 616 1127 625 Ι

119 680 223 742 Patres
236 679 338 763 itaque
353 674 453 752 nostri,
469 676 527 739 deo
538 672 734 759 dispensante,
749 674 817 739 licet
830 673 949 759 pagani,
965 672 1104 757 hancpn·

77 766 167 829 triam
191 766 297 831 bellica
310 767 420 829 virtute
441 766 571 850 primum
589 779 603 810 ‘¹
632 762 831 848 possederunt.
874 765 975 847 Qum
989 761 1104 845 grande

76 856 172 938 igitur
185 854 382 936 opprobrium
396 852 449 929 est,
472 869 507 917 ut
522 872 577 916 nos
591 850 751 915 Christiani
766 848 936 934 perdamus,
957 848 1043 933 quod
1056 846 1106 923 illi

78 943 187 1027 pagani
201 940 442 1025 adqtrifirernnt?
474 943 543 1004 Hoc
553 940 621 1002 dico
631 954 755 1023 propter
767 936 928 1020 flagellum,
951 934 1036 1021 quod
1048 957 1105 999 nu·

77 1052 130 1115 per
145 1030 251 1093 accidit
275 1030 409 1113 partibus
433 1024 534 1091 insulae
548 1024 666 1099 nostrae,
686 1045 756 1110 quae
773 1044 864 1117 prope
880 1026 1017 1089 trecentis
1029 1044 1105 1109 qua·
1167 1096 1170 1104 q
1224 1079 1230 1091 ,

77 1119 218 1201 draginta
230 1116 248 1179 i
262 1119 436 1202 perentibus
450 1116 615 1179 inhabitata
628 1112 671 1177 est
684 1111 801 1177 nostris.

123 1207 252 1289 Legitur
265 1203 297 1269 io
311 1206 390 1268 libro
399 1204 511 1279 Gildae,
527 1204 689 1266 Britonum
697 1196 906 1283 sapientissimi,
921 1199 1006 1285 qnod
1015 1196 1104 1265 iidem
1115 1222 1171 1290 1'21·
1180 1202 1243 1285 ξω·

76 1292 294 1377 lps1Britones‚
310 1308 432 1376 propter
446 1294 562 1375 rapinas
573 1291 601 1352 dc
612 1291 763 1351 avaritiam
776 1291 956 1372 principum,
980 1302 1104 1372 propter
1209 1306 1213 1315 ·

77 1383 265 1464 iniquitatem
282 1377 497 1460 &injustitiam
508 1380 657 1458 judicum,
680 1392 801 1461 propter
813 1377 955 1443 desrdiem
971 1380 1000 1440 81
1016 1378 1106 1461 pigri·
1138 1452 1140 1462 ,

79 1471 152 1533 tiam
167 1469 384 1552 praedicationis
407 1464 623 1550 episcoporum,
648 1480 770 1550 propter
794 1464 946 1531 luxuriam
967 1464 1107 1541 &mulos

80 1576 179 1628 mores
195 1556 309 1639 populi,
325 1548 458 1637 'patriam
474 1554 682 1637 perdiderunt.
1240 1550 1241 1554 ’

168 1647 226 1708 Per
240 1664 302 1719 vos,
327 1638 347 1705 ὃ
364 1657 459 1725 patres
474 1640 575 1718 nostri,
598 1639 653 1704 sub
668 1657 803 1725 tempora
818 1654 881 1704 tota

167 1732 326 1794 Virtutum
342 1731 454 1793 meritis
467 1726 609 1815 soe'cunda
623 1730 778 1791 Britannia
796 1728 893 1793 floret.

51 1865 55 1871 ·
168 1821 232 1883 Vos
248 1818 333 1883 sunnl
348 1821 500 1881 unanimes
515 1816 626 1881 Christi
641 1814 793 1881 defendite
809 1814 900 1893 sacra,

170 1908 211 1970 Et
224 1906 329 1988 clypeo
344 1905 414 1970 fidei
430 1908 501 1969 telas
518 1903 650 1988 superate
667 1904 820 1970 nefandas.

170 2045 319 2107 Alchuine
335 2044 417 2105 dicor
431 2064 490 2127 ego
503 2040 598 2107 vestro
611 2044 739 2105 devotus
753 2046 858 2105 amori.

170 2186 199 2243 0
212 2161 410 2260 vospastores
425 2196 521 2261 patres
535 2178 595 2241 fine
608 2177 667 2240 fine
681 2174 798 2241 valete:

172 2270 213 2338 Et
232 2260 266 2331 tu
281 2265 377 2333 sande
392 2283 474 2351 pater
490 2263 503 2313 l
518 2271 536 2307 ⁴¹
552 2265 726 2330 Ethilharde
741 2262 885 2330 sacerdos,

282 2403 333 2469 Ex
347 2402 459 2485 epistola
475 2399 575 2467 Albini
595 2401 637 2468 od
647 2403 780 2467 Gerulum
799 2424 906 2492 regem.

129 2533 197 2615 Ego
218 2528 341 2595 Flaccus
364 2529 466 2608 vester,
498 2528 659 2595 secundum
685 2531 923 2598 exhortationem
948 2531 979 2598 ἃ
1002 2531 1128 2609 bonus]

84 2618 275 2684 uoluntatem
287 2618 423 2696 vestram,
439 2622 503 2684 aliis
517 2641 569 2703 per
581 2621 698 2706 tesius.
706 2622 834 2684 Martini
845 2617 1014 2686 sanctarum
1024 2623 1115 2686 mella

87 2707 302 2790 scripturarum
316 2707 481 2771 ministrare
495 2705 614 2789 satago:
635 2708 708 2771 alios
723 2711 816 2771 veteri
830 2705 1117 2794 antiquarumdisci·

88 2796 242 2882 plinarum
265 2815 349 2857 mero
372 2797 518 2859 inebriare
532 2793 654 2858 studeo:
687 2795 761 2858 alios
774 2797 988 2860 Grammaticae
1003 2792 1117 2860 subtili·

88 2885 161 2947 tatis
175 2883 308 2949 enutrire
325 2884 423 2964 pomis
437 2881 598 2968 incipiim:
612 2880 765 2966 quosdam
780 2881 931 2946 stellarum
944 2881 1048 2946 ordine
1061 2903 1116 2948 ceu
1153 2957 1156 2962 ¹

89 2970 189 3057 pistor
212 2983 224 3016 c
246 2969 371 3042 cuilibet
394 2972 496 3054 magni
516 2971 627 3036 domus
652 2970 786 3040 culnrlna
807 2970 979 3034 illuminare
1001 2967 1117 3055 gestio:

91 3059 222 3141 plurima
239 3057 375 3140 plurimis
396 3055 504 3136 fartus,
526 3074 562 3124 ut
587 3059 734 3142 plurimos
757 3058 796 3122 ad
822 3055 990 3142 protectum
1012 3056 1119 3122 sanna
1193 3072 1202 3104 ¹

92 3148 152 3212 Dei
166 3145 308 3223 todeslo,
330 3148 361 3210 8c
375 3148 414 3210 ad
429 3148 573 3212 decorum
582 3147 741 3230 imperialis
755 3149 840 3232 regni
851 3145 949 3223 vestri,
971 3145 1118 3226 erudiam,

91 3253 131 3297 ne
145 3231 181 3298 fit
196 3253 289 3296 vacua
313 3237 525 3319 omnipotentis
547 3236 605 3300 Dei
628 3238 660 3300 in
684 3255 735 3298 me
753 3237 858 3318 gratia,
880 3257 934 3299 nec
948 3233 1050 3298 vestrae
1064 3234 1119 3300 bo·

93 3323 193 3394 uitatis
207 3321 328 3404 largitio
340 3325 448 3394 inanis,
494 3322 553 3386 sed
567 3339 607 3386 ex
619 3337 702 3405 parte
716 3322 793 3386 detis
807 3324 880 3386 milri
894 3320 1121 3390 servulo-vestro

44 3468 47 3472 .
94 3408 300 3493 exquisitiores
316 3407 492 3475 scholasticae
518 3410 692 3474 eruditionis
717 3409 844 3485 libellos,
877 3432 956 3495 qnos
970 3411 1069 3476 -lrsbui
1088 3413 1122 3478 ln

96 3497 192 3580 patria
205 3518 259 3581 per
282 3497 392 3562 bonam
414 3500 445 3561 dr
473 3498 606 3565 devoriff:
631 3495 763 3581 magislri
786 3499 845 3562 mei
868 3497 1051 3576 industriam,
1073 3499 1123 3565 vel

95 3585 190 3666 cpiam
207 3586 267 3650 mei
289 3583 381 3669 ipsius
407 3585 645 3669 qualemcunque
658 3583 807 3653 sudorem.
852 3587 925 3651 Ideo
939 3589 1005 3652 haec
1023 3585 1124 3651 vestras

96 3671 280 3738 excellentiae
301 3673 379 3748 dico,
402 3694 439 3739 ne
460 3672 539 3738 sorte
553 3673 648 3740 resno
670 3674 893 3757 placeat'totius
910 3673 1058 3759 sapientiae
1070 3675 1123 3739 de·

97 3759 270 3833 fiderauuffi
286 3760 418 3838 consilio,
435 3777 470 3827 ut
482 3761 599 3845 aliquos
613 3763 761 3847 expueris
775 3761 1122 3849 nostrisremittam,¹qui
1253 3803 1260 3808 -
1391 3795 1398 3806 -

30 3916 31 3923 χ
98 3849 247 3932 excipiant
261 3849 347 3912 nobis
362 3849 434 3912 inde
448 3848 604 3919 necessaria
615 3870 756 3936 quasque,
778 3854 808 3914 u
821 3853 961 3916 revehant
976 3853 1007 3913 iu
1028 3853 1122 3920 Frau-
1166 3909 1169 3918 ,

99 3937 179 4008 ciam
191 3936 281 4023 slores
295 3937 481 4005 Britanniae
511 3953 547 4006 ut
561 3957 621 4002 nou
635 3937 671 4004 srt
691 3933 900 4010 tautummodo
922 3940 951 4003 io
975 3939 1122 4004 Euburica
1133 3963 1189 4030 hg.
1201 3937 1259 4028 373,

101 4025 218 4088 civitate
232 4040 316 4090 ortus
330 4023 501 4101 conclusus*
519 4022 568 4090 sed
592 4027 624 4096 in
640 4028 793 4088 Turouicn
806 4026 971 4111 emissiones
986 4024 1121 4110 paradysi

100 4133 170 4185 eum
186 4133 346 4194 pomorum
357 4107 518 4201 srudlibus,
541 4128 577 4176 ut
590 4113 708 4178 veniens
722 4113 832 4178 Auster
850 4112 866 4160 d
883 4113 1006 4200 perflare
1019 4115 1122 4184 hortos

103 4200 204 4286 Ligeri
218 4198 361 4278 fluminis,
384 4201 524 4274 &fluant
538 4206 671 4274 ainmata
687 4198 787 4270 illius:
809 4201 873 4266 dcc..
995 4221 999 4233 ·

136 4355 312 4405 a'Possrderunt
323 4355 384 4405 MS.
432 4356 507 4417 sisic,
523 4372 573 4406 cum
587 4354 696 4423 astm'sco.
745 4357 802 4418 oF.
820 4355 928 4425 qualibet
939 4311 1032 4430 magna
1042 4360 1128 4420 domus
1218 4366 1220 4377 '

106 4419 217 4489 ulmus
267 4421 346 4487 idn
362 4423 454 4497 perte,
470 4421 615 4503 stipulare
624 4420 714 4503 pout?
902 4463 904 4471 ι

1061 4496 1130 4585 Ego
