2925 4900
168 213 238 325 3⁶6

495 198 803 291 JOANNIS
857 198 1182 267 metuunt

205 395 208 402 .
273 379 282 385 „
334 328 771 417 Lindiliutnomensumplit.
817 332 957 393 Continet
981 346 1082 395 autem
1107 332 1171 397 haec
1189 326 1297 397 insula
1317 326 1404 397 odio

332 414 473 491 milliaria
488 446 541 507 per
555 423 724 487 ambitum:
747 436 817 503 quae
832 416 1020 483 insulanum
1038 435 1161 483 vocatur
1186 416 1245 485 ius:
1272 424 1399 499 Sacra,

334 514 430 597 Angl:
445 512 629 593 Halyelund3
660 510 717 581 hec
731 509 770 571 de
784 507 880 573 caussa
895 506 980 591 quod
995 510 1026 571 S.
1039 506 1185 583 Aidauus,
1203 511 1397 587 Finnanus,

332 602 436 678 Tuda,
459 602 489 663 &
501 600 790 667 Cuthebertuecum
801 596 867 660 aliis
878 595 1008 677 ejusdem
1019 595 1097 659 eccl:
1112 594 1231 679 ptaesul:
1250 597 1396 683 dignils:

613 705 658 743 ussi

571 713 587 744 V

334 764 449 829 ibidem
473 760 681 848 requiescunt:
713 758 875 847 posteaque
902 760 1002 841 plures
1031 760 1169 825 monachi
1194 761 1393 853 diversique

335 852 479 919 seculares
494 874 547 936 per
562 857 666 917 Dauos
680 852 866 933 martyrizati
881 848 993 913 ibidem
1008 846 1116 933 sepulti
1133 848 1210 917 sunt.

381 943 428 1003 Ut
447 942 480 1003 in
494 940 644 1019 veteribus
657 938 728 1003 libr:
748 938 870 1023 legitur,
893 940 1039 1003 terminus
1054 936 1282 1003 Lindiusarnen:
1311 938 1389 1024 pos-

337 1026 468 1094 seffiouis
482 1025 525 1091 est
535 1027 558 1090 ui
570 1028 625 1093 flu:
647 1027 757 1091 Tueda
772 1024 866 1111 usque
879 1027 919 1089 ad
930 1025 1166 1091 Waruamuthe:
1189 1028 1219 1089 81
1233 1028 1314 1091 inde
1333 1026 1387 1091 su·
1428 1060 1429 1085 t

338 1118 439 1203 petius
458 1113 552 1200 usque
575 1116 614 1179 ad
640 1116 727 1179 illum
750 1116 853 1179 lomim
877 1114 930 1180 ubi
946 1114 1008 1181 haec
1022 1135 1102 1199 aqua
1118 1117 1255 1179 Warued
1272 1118 1387 1182 oritur

224 1196 233 1213 ⁸
334 1208 427 1289 juxta
439 1221 574 1267 montem
589 1202 803 1268 Hibbetdune:
836 1205 867 1267 81
882 1202 920 1267 ab
935 1202 990 1267 illo
1011 1219 1115 1267 moute
1137 1202 1233 1289 usque
1255 1205 1299 1268 ad
1318 1205 1382 1271 flu:

333 1296 394 1379 qui
403 1308 527 1356 vocatur
542 1297 649 1368 Brunlc
662 1291 756 1376 usque
770 1294 808 1358 ad
823 1292 909 1357 illum
924 1290 1026 1357 locum
1041 1290 1095 1361 uhi
1109 1294 1216 1359 oritur.
1263 1296 1309 1357 Et
1327 1294 1385 1359 illa

337 1398 418 1446 terta
432 1382 511 1444 ultra
517 1379 660 1451 Tuedum
668 1382 709 1445 ab
724 1382 776 1447 illo
789 1380 858 1445 loco
872 1380 927 1442 ubi
941 1379 1104 1443 oriturflu:
1132 1380 1222 1447 Edrae
1230 1380 1271 1445 ab
1283 1386 1383 1467 aqui·

251 1504 254 1509 ·
336 1469 408 1533 ione
422 1467 516 1553 usque
531 1468 569 1531 ad
584 1470 670 1549 illum
685 1470 786 1537 locum
799 1469 853 1531 ubi
868 1471 947 1533 cadit
962 1471 993 1531 in
1006 1468 1061 1531 liu:
1076 1470 1221 1547 Twedaessz
1256 1472 1290 1533 8t
1307 1488 1381 1537 tota

339 1573 418 1621 tetta
444 1578 512 1642 quae
529 1558 609 1637 jacet
624 1561 700 1620 inter
719 1558 775 1620 flu:
798 1557 888 1621 Edtae
910 1560 940 1619 ἃ
955 1550 1082 1621 alterum
1094 1556 1149 1621 flu:
1172 1558 1227 1641 qui
1241 1576 1380 1627 vocatur

337 1647 438 1709 Leder
453 1643 552 1709 versus
566 1647 751 1708 occidentem
766 1668 775 1709 ι
809 1647 839 1707 &
854 1660 917 1708 tota
935 1660 1012 1709 terra
1027 1663 1096 1727 quae
1106 1648 1186 1727 jacet
1201 1646 1242 1711 ab
1256 1650 1378 1716 orient:

293 1780 298 1808 .
337 1745 425 1819 parte
440 1734 522 1797 istius
544 1754 631 1816 tquae
652 1754 720 1817 quae
732 1749 858 1797 vocatur
881 1730 982 1797 Leder
996 1730 1091 1817 usque
1108 1736 1147 1797 ad
1162 1735 1249 1797 illum
1264 1734 1377 1803 locum

171 1805 180 1845 ‘¹
201 1848 205 1854 ⁴
337 1823 393 1886 ubi
406 1824 488 1885 cadit
501 1824 533 1885 in
548 1820 602 1885 flu:
616 1822 741 1885 Twedae
755 1818 855 1884 versus
869 1821 1026 1885 austrum:
1060 1824 1091 1883 dc
1107 1837 1172 1887 tota
1188 1837 1277 1893 ‚terra
1302 1848 1377 1909 quae

339 1912 471 1994 pertiuet
485 1910 524 1973 ad
539 1909 697 1973 monaster:
722 1896 753 1974 8¹.
768 1910 900 1973 Baltheti
914 1912 999 1995 quod
1014 1912 1136 1975 v'ocatur
1151 1912 1344 1997 Tivingham
1359 1915 1375 1979 i

210 2029 217 2051 ι
340 1999 558 2063 Lambarmore
574 1996 669 2080 usque
683 1999 723 2061 ad
737 1998 905 2065 Estemuth.

330 2096 333 2103 ‘
384 2087 529 2149 Fundatae
542 2084 611 2149 sunt
626 2089 725 2171 ptimo
739 2088 771 2150 in
792 2084 847 2150 ius:
871 2084 1057 2151 Lindissatn:
1077 2086 1157 2150 sedes
1178 2086 1265 2171 episc:
1283 2090 1374 2157 simul

340 2176 372 2239 dc
397 2176 612 2240 monachorum
638 2176 795 2251 habitatio,
818 2196 898 2239 enno
922 2180 968 2241 Di
983 2177 1022 2258 63
1029 2194 1058 2258 ς.
1081 2178 1138 2259 qui
1159 2174 1201 2239 est
1221 2179 1373 2245 adventus

340 2262 435 2347 Angk
450 2265 715 2337 iuBritanne188,
728 2264 874 2327 adventus
887 2267 918 2330 S.
932 2264 1060 2346 August:
1075 2284 1127 2348 39.
1144 2266 1229 2349 regni
1239 2266 1373 2333 Oswaldi

341 2366 388 2416 20.
398 2354 453 2418 Ex
465 2352 522 2417 hac
533 2354 609 2417 eccl:
624 2373 728 2417 omnes
750 2352 825 2417 eccl:
841 2354 870 2415 dc
885 2352 1044 2417 monaster:
1059 2350 1266 2430 Berniciorum
1288 2354 1371 2421 sum·

341 2436 463 2525 pserunt
478 2444 636 2527 originem.
1310 2459 1314 2464 “

385 2529 608 2593 Northumbria
620 2527 711 2594 divisa
736 2530 768 2596 in
783 2551 910 2618 regnum
925 2529 1088 2609 Deltorum
1103 2533 1134 2594 &
1148 2533 1367 2602 Berniciorum.

332 2612 353 2704 ‚¹
384 2619 549 2682 Deirorum
562 2618 646 2681 limes
668 2619 707 2681 ab
727 2621 870 2681 Humbro
891 2619 930 2680 ad
946 2621 1073 2686 Tinam.

383 2705 594 2774 Bemiciorum
608 2706 696 2771 limes
709 2706 727 2767 t
741 2709 822 2770 Titia
837 2707 875 2770 ad
890 2727 970 2770 mate
986 2711 1162 2776 Scotticum.

379 2794 549 2876 'Permanstt
564 2796 594 2858 in
603 2791 788 2860 Lindissarn:
803 2793 948 2865 instfsedes
962 2795 1051 2884 episc:
1065 2799 1095 2859 81
1107 2799 1283 2867 monachica
1295 2820 1367 2868 con-

239 2968 241 2979 .
340 2881 465 2946 versatio
478 2906 533 2968 per
546 2905 640 2948 annos
656 2883 732 2964 246.

175 4209 235 4261 eccl:

383 2971 519 3034 Aidanus
533 2975 633 3056 exegit
646 2972 678 3036 in
692 2968 782 3055 episc:
796 2993 847 3036 an:
872 2992 922 3051 17.
945 2993 980 3038 ac
999 2975 1090 3038 etiam
1106 2995 1162 3058 pro
1177 2991 1251 3041 tuuc
1265 2999 1367 3043 curam

340 3059 414 3123 eccl:
428 3059 521 3124 Ebor:
536 3062 566 3122 &
578 3061 670 3123 totius
681 3060 945 3126 Northanhu-mbt:
956 3059 1033 3126 solus
1043 3064 1161 3148 agebat.
1196 3067 1276 3133 Nam
1287 3069 1367 3133 Beda

341 3145 467 3211 testante
481 3147 548 3232 post
561 3148 708 3212 decessum
722 3149 839 3213 Paulini
854 3149 892 3215 de
904 3147 1003 3216 ‘Eb'ott
1019 3173 1073 3235 per
1089 3173 1141 3235 30.
1158 3173 1251 3219 annos
1264 3156 1364 3223 eadem

341 3235 439 3306 Ebor:
452 3237 526 3315 eccle
542 3239 700 3323 proprium
715 3237 899 3328 nouhabuit
919 3239 1077 3323 pallorem.
1109 3285 1112 3291 -

385 3325 520 3406 Aidauus
544 3335 587 3386 1⁰.
612 3321 742 3408 episcop:
758 3323 801 3389 sui
827 3343 962 3412 tempore
987 3348 1039 3395 12.
1059 3351 1169 3413 pueroe
1189 3331 1227 3394 de
1249 3331 1363 3395 natione

341 3412 435 3496 Angit
452 3414 482 3476 iu
501 3429 516 3459 a
537 3412 819 3497 Chtt't'erudiendos
834 3413 970 3502 suscepit,
993 3438 1032 3482 ex
1057 3419 1169 3503 quibus
1194 3439 1272 3486 unus
1292 3423 1365 3484 Eata

340 3499 443 3592 postea
457 3497 613 3584 episcopus
628 3501 815 3568 Lindisfarn:
1096 3534 1099 3546 ·

341 3586 598 3741 s{dolivaldus
625 3588 800 3658 interfectus
825 3588 843 3656 ὲ
866 3592 967 3658 Penda
987 3614 1058 3680 rege
1072 3598 1177 3662 Mercu·
1191 3593 1271 3680 apud
1293 3595 1360 3662 Mt·

355 3699 416 3742 ere
453 3725 461 3740 .
1084 3717 1085 3720 ¹

381 3764 419 3814 b*
431 3765 483 3830 Est
491 3767 574 3834 locus
586 3768 638 3834 ille
647 3769 972 3838 conterminutfinibus
979 3772 1157 3850 Armovicae‚
1174 3767 1360 3856 quiaWalliae

342 3855 496 3938 quondam
522 3877 588 3942 pars
607 3878 689 3922 max:
712 3858 791 3921 dicia
812 3857 854 3922 est
871 3863 1041 3926 Armovica.
1088 3865 1116 3924 A
1138 3862 1254 3924 civitate
1277 3864 1359 3926 etiam

341 3944 548 4028 Shrowesbyri
561 3967 591 4024 7.
614 3945 708 4019 ferme
721 3947 855 4013 millibus
870 3945 968 4012 versus
984 3949 1107 4013 eandem
1115 3951 1255 4027 thliam
1268 3947 1357 4016 distat.

342 4033 606 4118 Territoriumque
621 4034 717 4118 ipsum
727 4037 843 4100 abbatis
857 4037 936 4102 illius
952 4039 1035 4102 urbis
1047 4038 1155 4101 ditioni
1169 4039 1249 4104 cedit
1269 4041 1297 4101 in
1309 4059 1358 4102 cu·

49 4187 54 4196 ,
174 4139 280 4194 candi&
335 4119 499 4203 jus-campi
513 4122 697 4187 fundoeccl:
717 4145 788 4209 quae
802 4125 936 4189 eandida
951 4127 1062 4190 dicitur
1076 4127 1152 4191 ins,
1166 4119 1357 4191 Oswaldiho·

344 4228 416 4278 nore
426 4207 581 4312 fundatur.
625 4218 661 4278 In
676 4211 821 4294 locopon
834 4215 922 4300 louge
934 4204 972 4278 ab
988 4213 1051 4299 ipso
1062 4212 1131 4284 sous
1145 4217 1280 4308 perennis
1292 4235 1356 4286 euo-

606 4325 668 4377 αῖ.
683 4323 789 4380 christo.
838 4325 1112 4398 immunditici
1292 4393 1313 4459 't

1278 4416 1301 4464 u
1314 4416 1357 4474 ur,
